2558 4718
137 139 193 179 ve.
211 137 263 179 xri
280 131 406 191 arni]
443 126 477 177 (ιί
493 120 557 179 ntis
584 118 784 195 *lindonae
1020 120 1076 176 5211

135 295 277 350 ccclesiae
293 295 389 351 sancti
405 294 535 367 aposloli
553 292 645 350 l'ctr'i.
661 306 691 349 ct
703 293 794 348 abbas
808 292 984 348 incursioni
1002 291 1081 348 inuti
1103 317 1126 343 *r
1152 307 1214 344 μω
1232 330 1240 342 ,

137 392 270 453 llartini,
299 393 352 467 qui
383 411 482 466 nuper
510 394 637 448 uenerat
665 410 682 447 a
708 390 807 447 Roma
831 409 886 464 per
914 389 1082 447 iussionem
1104 367 1184 407 ‘³⁰¹⁰‘

135 510 228 565 papae
246 490 428 565 Agathonis.
448 489 525 547 duce
546 487 800 546 reuerentissimo
820 488 932 546 abbate
953 488 1084 563 Biscopo

134 589 318 653 cognomino
334 588 511 659 Benedicta,
529 586 616 645 cuius
630 606 723 662 supra
737 586 942 644 meminimus
954 584 971 645 ¹.
1003 587 1083 645 Cum

134 688 216 745 enim
233 687 316 746 idem
330 686 517 745 Benedictus
530 685 753 744 construxisset
764 684 989 744 monasterium
1005 685 1086 743 Brit·

134 785 234 844 taniae
260 786 292 843 in
315 786 464 843 honorem
491 782 662 843 beatissimi
684 784 895 859 apostolorum
925 784 1081 860 principis,

135 884 219 942 iuxta
247 884 364 942 ostium
397 883 539 942 fluminis
571 882 664 941 Uiuri
674 880 693 955 ²,
725 882 813 941 uenit
845 882 975 941 Romam
1013 903 1084 942 cum

134 985 328 1058 cooperatore
342 1002 376 1040 ac
391 981 473 1041 socio
490 981 631 1040 eiusdem
647 981 749 1057 operis
765 981 929 1054 ceolfrido,
947 982 1000 1057 qui
1015 985 1085 1057 post

135 1081 235 1156 ipsum
261 1080 399 1139 eiusdem
427 1079 605 1139 monasterii
630 1079 724 1138 abbas
752 1079 821 1151 fuit,
848 1080 931 1156 quod
956 1084 988 1139 ct
1011 1084 1086 1139 anto

135 1180 239 1255 sepius
261 1179 359 1237 facero
384 1182 594 1250 consueuerat,
622 1182 716 1254 atque
741 1177 911 1238 honorifice
938 1198 957 1237 a
980 1179 1086 1239 beatem

135 1277 301 1337 memoriae
322 1296 401 1353 papa
421 1277 589 1352 Agathone
610 1280 772 1353 susceptus
792 1280 861 1350 est3
883 1277 1034 1353 petiitque
1055 1282 1086 1337 et

135 1376 248 1452 accepit
273 1375 378 1449 abeo,
401 1377 435 1434 in
458 1374 694 1434 munimentum
715 1375 870 1435 libertatis
891 1376 1083 1449 monasterii,

134 1474 215 1549 quod
230 1474 351 1546 fecerat,
369 1473 536 1548 epistulam
551 1472 707 1550 priuilegii
722 1494 759 1532 ex
774 1475 956 1535 auctoritate
969 1478 1088 1551 aposto·

137 1573 192 1631 lica
211 1572 390 1644 tinnulam
411 1571 497 1630 iuxta
519 1572 601 1647 quod
621 1571 803 1648 Ecgfridum
825 1592 931 1649 regem
950 1572 1087 1633 uoluisse

136 1692 168 1729 ac
182 1670 341 1729 licentiam
356 1670 479 1729 dedisse
494 1672 630 1743 nouerat,
649 1690 710 1746 quo
724 1671 912 1730 concedente
926 1674 958 1731 et
971 1692 1087 1747 posses·

136 1769 256 1827 aionem
272 1774 370 1827 terrae
385 1769 545 1844 largiente,
563 1768 667 1844 ipsum
682 1769 908 1829 monasterium
922 1770 1044 1832 fecerat.

176 1867 307 1941 Accepit
321 1870 352 1925 et
364 1867 538 1943 praefatum
553 1866 729 1926 Iohannem
740 1866 885 1927 abbatem
898 1868 1087 1929 Brittaniam

139 1965 392 2041 perducendum3
420 1970 574 2041 quatenus
605 1965 638 2024 in
665 1966 853 2025 monasterio
881 1986 938 2026 auo
962 1988 1087 2028 cursum

139 2064 266 2122 canendi
290 2084 443 2135 annuum,
469 2064 550 2123 sicut
578 2065 616 2124 ad
644 2068 788 2124 sanctum
816 2066 947 2125 Petrum
973 2068 1089 2127 Romae

139 2164 292 2239 agebatur,
321 2163 481 2234 edoccrct;
503 2164 627 2240 egitque
651 2163 730 2223 abba
753 2162 920 2237 Iohannes,
948 2169 984 2225 ut
1003 2165 1090 2225 iussi·

139 2281 229 2320 onem
245 2266 401 2336 acceperat
418 2261 583 2337 pontificis,
601 2267 632 2321 et
653 2262 795 2321 ordinem
810 2262 964 2334 uidelicet,
981 2263 1090 2323 ritum·

139 2382 195 2436 que
209 2360 344 2419 canendi
362 2382 397 2420 ac
419 2361 541 2437 legendi
563 2361 637 2420 uiua
660 2381 735 2420 uoce
756 2361 887 2437 praefati
909 2363 1089 2421 monasterii

139 2460 299 2519 cantores³
315 2460 479 2523 edocendo.
497 2464 527 2518 ct
546 2481 588 2529 ea,
606 2479 685 2536 quae
704 2459 801 2518 totius
816 2459 893 2518 anni
906 2460 1042 2520 circulus
1055 2461 1088 2520 in

139 2558 343 2617 celebratione
367 2559 488 2617 dierum
512 2560 660 2618 festorum
682 2556 833 2633 poscebat,
861 2558 955 2617 etiam
976 2558 1090 2619 litteris

140 2657 315 2716 mandando
328 2679 335 2729 3
351 2677 429 2732 qum
439 2657 588 2716 hactenus
598 2657 631 2716 in
640 2658 748 2716 codem
759 2656 948 2716 monasterio
956 2661 1087 2729 seruata,

137 2766 165 2813 et
181 2777 199 2814 a
212 2755 329 2814 multis
343 2756 405 2814 iam
424 2760 496 2815 sunt
514 2755 752 2831 circumquaque
771 2756 980 2832 transscripta.
1018 2756 1089 2816 Non

137 2855 239 2913 solum
259 2858 365 2913 autem
385 2855 468 2913 idem
490 2853 647 2913 Iohannes
666 2853 765 2929 ipsius
784 2855 965 2913 monasterii
981 2855 1092 2915 fratres

136 2953 273 3024 docebat,
300 2972 408 3011 ucmm
431 2953 469 3011 de
488 2952 636 3011 omnibus
657 2972 736 3028 pene
755 2951 895 3012 eiusdem
914 2953 1092 3030 prouinciae

138 3050 336 3110 monasteriis
366 3051 403 3108 ad
429 3050 618 3110 audiendum
644 3072 726 3119 curn,
753 3051 807 3126 qui
831 3053 978 3113 cantandi
1002 3058 1092 3113 erant

137 3149 239 3225 periti.
257 3148 464 3208 confluebant
510 3150 618 3209 Sedet
637 3150 740 3227 ipsum
761 3172 817 3229 per
833 3152 907 3227 loca,
924 3152 958 3210 in
978 3150 1093 3229 quibus

139 3248 271 3311 doceret.
289 3247 382 3305 multi
400 3247 532 3305 inuitare
546 3248 701 3309 curabant.

181 3346 254 3423 lpse
279 3349 385 3403 autem
410 3352 536 3422 excepto
561 3348 706 3408 cantandi
732 3349 781 3407 uel
805 3349 928 3425 legendi
951 3370 1090 3415 munere.
1111 3358 1148 3403 ¹1⁰
1159 3364 1254 3413 mmm

135 3458 165 3504 et
189 3444 276 3503 aliud
298 3444 330 3502 in
348 3444 504 3503 mandatis
522 3446 561 3503 ab
580 3446 748 3521 apostolico
768 3467 846 3523 papa
864 3451 1029 3524 acceparat,
1046 3454 1090 3523 ut,
1108 3416 1247 3531 {mim

135 3542 227 3602 cuius
242 3547 324 3600 essct
337 3542 409 3600 fidei
422 3543 598 3620 Anglorum
610 3545 744 3621 ecclesia,
759 3546 928 3623 diligenter
935 3547 1091 3619 edisceret,
1108 3534 1214 3649 ‘Q

169 3704 179 3735 ²
198 3705 278 3751 cuius
291 3741 297 3752 .
318 3742 323 3751 .
345 3739 351 3750 .
365 3706 475 3752 mcmin.
488 3722 532 3754 cvm.
547 3707 575 3754 C.
586 3706 636 3755 W'.
647 3706 698 3772 0¹¹,
711 3712 849 3757 ancoritana
852 3712 897 3767 sor
906 3713 1001 3759 deletion
1012 3714 1040 3769 by
1051 3708 1092 3766 13¹.
1108 3654 1217 3699 σωθῇ

133 3784 376 3847 =.·m.hS,1),03.y
391 3786 433 3833 dc.
501 3786 601 3835 '‘uuiri
614 3788 643 3837 C.
711 3788 926 3841 'macoma

607 3886 628 3927 B
