2558 4718
137 506 392 572 saxanum]
440 497 553 562 Gentis
576 498 779 582 Aayloraai.
1018 501 1082 563 247

427 707 519 767 cae.
545 703 781 789 xvn1[xx].

497 860 607 913 Hymnus
618 861 645 904 de
658 860 698 903 aaa
707 856 722 905 ¹.

176 987 325 1047 Urnnrnn
342 991 530 1064 oportunum
553 989 625 1048 hnic
646 989 793 1049 historiae
811 990 904 1049 etiam
926 990 1082 1068 hymnum

136 1087 325 1163 uirginitatis
349 1087 491 1153 inserere,
524 1109 617 1163 quern
645 1094 717 1147 ante
745 1108 844 1147 annos
870 1088 1022 1164 plurimos
1050 1089 1083 1146 in

136 1185 256 1244 laudern
285 1205 320 1243 aa
348 1186 545 1261 praeconium
574 1187 713 1245 eiusdem
743 1187 867 1263 reginae
894 1207 928 1245 ae
953 1207 1084 1263 sponsae

135 1281 257 1343 Christi.
276 1286 306 1338 et
323 1280 391 1338 ideo
407 1281 557 1339 ueraciter
570 1281 701 1357 reginae,
720 1281 793 1357 qnia
807 1301 939 1357 sponsae
954 1281 1080 1345 Christi.

135 1379 267 1454 elegiaco
285 1384 383 1437 metro
401 1379 641 1454 conposnimus;
663 1384 694 1439 ot
711 1379 826 1438 imitari
848 1399 968 1438 morem
982 1399 1083 1438 sacrae

135 1473 311 1549 scripturae.
346 1474 434 1531 errius
466 1473 612 1532 historiae
640 1473 778 1532 carmina
808 1472 944 1549 plurima
973 1472 1079 1541 indita

135 1580 164 1630 et
179 1571 254 1630 haec
269 1574 369 1629 metro
384 1591 418 1628 ac
434 1571 574 1629 uersibus
589 1574 711 1630 constat
726 1591 792 1630 esse
807 1573 968 1647 conposita
978 1570 997 1629 ².

135 1688 228 1746 Alma
251 1687 335 1745 Dens
356 1687 499 1759 Trinitas,
524 1708 602 1762 quae
624 1687 746 1746 saecula
767 1690 877 1745 cuncta
898 1687 1059 1763 gubernas,
1101 1709 1185 1764 aym„
1199 1711 1223 1753 ὴ,

175 1787 288 1845 Adnue
311 1785 370 1843 iam
392 1786 515 1861 coeptis,
540 1785 623 1843 alma
644 1785 729 1843 Deus
750 1785 893 1844 Trinitas.
1100 1769 1235 1873 lfflfmf

135 1884 221 1942 Bella
243 1884 329 1942 Maro
351 1886 480 1955 resonet,
506 1904 564 1942 nos
585 1882 687 1960 pacis³
709 1885 790 1942 dona
810 1903 977 1955 canamus;
1100 1888 1196 1943 ahma

175 1983 304 2041 Munera
326 2002 382 2039 nos
403 1981 527 2050 Christi,
546 1981 627 2040 bella
648 1983 734 2040 Maro
756 1985 885 2041 resonet

136 2082 279 2140 Carmina
300 2085 383 2138 easta
404 2080 491 2153 mihi,
515 2080 603 2138 fadae
625 2101 688 2138 non
710 2084 817 2156 raptus
839 2079 1000 2151 Helenae;

175 2180 281 2238 Luxus
302 2179 360 2236 erit
382 2178 515 2250 lubricis
539 2178 676 2237 carmina
697 2182 780 2237 casta
800 2178 886 2237 mihi.

137 2282 224 2336 Dona
245 2297 379 2352 superna
400 2277 516 2352 loquar,
541 2278 670 2335 miserae
691 2297 754 2335 non
777 2277 891 2353 proelia
911 2277 1040 2349 Troiae;

173 2379 268 2435 Terra
289 2375 403 2452 quibus
423 2376 545 2450 gaudet,
571 2376 653 2434 dona
673 2395 808 2451 superna
829 2375 944 2451 loquar.

135 2478 182 2534 En
206 2476 290 2533 Deus
311 2473 394 2531 altas
414 2473 479 2532 adit
502 2474 694 2532 uenerandao
717 2474 848 2549 uirginis
869 2474 988 2536 aluum.

174 2573 299 2633 Liberat
320 2577 356 2630 nt
378 2572 528 2645 homines,
554 2592 593 2630 en
615 2571 699 2629 Deus
721 2570 804 2630 altus
824 2571 896 2631 adit.

142 2672 274 2729 Femina
296 2672 384 2745 uirgo
405 2671 484 2745 parit
506 2670 637 2728 mundi‘
659 2670 771 2727 denota
791 2674 961 2745 parentem,

175 2771 269 2828 Porta
289 2769 385 2827 histria
406 2768 472 2839 Dei,
497 2768 615 2826 femina
636 2768 724 2844 uirgo
746 2767 833 2844 parit.

134 2870 257 2927 Gaudet
279 2867 376 2925 amica
398 2867 506 2924 cohors
527 2868 565 2924 ‹le
588 2866 709 2942 uirgine
730 2871 829 2924 matre
852 2867 1010 2936 tonantis;

175 2967 364 3042 Uirginitate
387 2966 505 3023 micans
525 2966 638 3041 gaudet
659 2963 756 3022 amica
776 2964 894 3023 cohors.

132 3066 240 3123 Huius
261 3065 361 3122 honor
381 3063 488 3139 genuit
511 3068 593 3121 casto
616 3062 654 3119 de
675 3063 814 3138 germine
836 3062 949 3138 plures,

176 3164 344 3239 l'irgineos
365 3162 456 3219 tiores
476 3161 569 3219 huius
591 3161 692 3219 honor
712 3161 828 3236 gennit.

134 3264 268 3339 Ignibus
291 3268 358 3319 usta
380 3260 460 3331 feris,
486 3261 573 3334 uirgo
596 3279 658 3317 non
683 3258 775 3317 cessit
796 3259 928 3336 Agathe,

175 3361 298 3420 Eulalia
319 3363 349 3417 et
371 3360 492 3434 perfert,
519 3358 643 3435 ignibus
665 3360 734 3415 usta
754 3357 836 3417 feris.

135 3465 232 3519 Kasia
252 3462 332 3517 feras
353 3461 476 3535 superat
498 3457 615 3516 mentia
636 3477 692 3532 pro
713 3455 851 3515 eulmine
872 3455 971 3523 Tecla,

179 3559 321 3617 Eufemia
343 3557 462 3617 sacrasf·
484 3558 571 3614 kasta
591 3556 673 3614 feras
693 3559 828 3631 superat.

168 3726 173 3749 ¹
194 3725 225 3771 ln
239 3725 285 3770 the
297 3723 414 3784 capitula
425 3724 444 3769 C
454 3722 527 3781 jains
537 3721 584 3767 the
593 3720 710 3781 heading
721 3721 751 3767 ol
759 3719 816 3767 this
827 3719 938 3781 chapter
947 3721 974 3767 to
985 3718 1047 3765 that
1058 3717 1087 3763 ol

138 3809 182 3854 the
199 3806 343 3868 precariae
355 3821 421 3856 ane:
438 3822 466 3849 aa
477 3807 526 3852 AS.
541 3804 578 3861 n..
592 3804 630 3861 Ο,
644 3804 716 3861 02...
727 3803 771 3850 &a
799 3802 833 3850 ln
845 3803 892 3850 the
904 3805 962 3849 text
974 3801 994 3848 C
1005 3814 1082 3847 nurn-

141 3888 195 3933 bers
204 3886 261 3932 this
273 3900 302 3930 as
313 3900 328 3930 a
338 3884 408 3930 fresh
418 3885 529 3944 chapter
539 3884 601 3945 ΚΛὸ.
609 3883 691 3929 omits
703 3884 724 3928 it
735 3882 905 3942 altogether).
958 3878 967 3905 ¹
984 3878 1024 3938 Ο..
1033 3877 1082 3938 0..

140 3972 184 4013 aad
194 3984 208 4012 a
223 3970 394 4021 reichenstain:
410 3966 543 4024 ‘liymnns
556 3999 562 4010 .
576 4000 582 4010 .
596 3964 725 4024 ,elegiaco
735 3965 763 4009 et
775 3961 942 4023 paracberico
956 3958 1085 4023 [paracte-

143 4048 192 4091 riao
204 4043 257 4106 ΟΝ]
277 4044 318 4090 uel
333 4044 463 4104 reciproco
475 4043 610 4090 carmine!
694 4040 703 4068 ³
720 4040 812 4102 paucis
824 4038 855 4086 B.
955 4038 962 4064 ⁸
981 4036 1026 4084 ·d0
1039 4036 1085 4084 Μ’.

141 4122 416 4173 ’amsnaaaanlh
