2558 4718
175 686 305 751 σωκ]
493 677 609 745 Gentis
632 680 837 766 duplorum.
1059 683 1121 746 221

174 870 240 909 eam
267 852 396 912 nomine
420 856 507 930 quasi
531 859 723 931 praesentem
744 857 915 933 alloquens,
944 857 1090 933 ‘Eadgyd
1101 854 1119 930 ¹,

175 948 312 1026 Radgyd,
325 951 453 1028 Eadgyd
464 953 471 977 ’
484 975 491 1026 ;
505 958 536 1012 et
551 955 594 1012 sio
609 956 780 1014 terminans
791 955 995 1032 temporalem
1009 956 1117 1025 uitam,

175 1047 303 1108 intrauit
318 1053 484 1111 aeternam.
531 1054 575 1111 At
591 1054 678 1130 uirgo
698 1053 759 1123 illa,
778 1074 872 1130 quarn
887 1056 1023 1112 moriens
1037 1073 1123 1113 uoca-

175 1145 230 1217 bat,
248 1167 323 1206 mox
344 1150 377 1207 in
399 1150 474 1222 loco,
493 1170 554 1226 quo
573 1156 646 1224 erat,
664 1152 772 1211 eadem
790 1152 911 1212 adtacta
930 1152 1119 1222 infirmitate,

174 1243 246 1319 ipso,
272 1266 335 1322 quo
356 1249 508 1308 uocitata¹
530 1253 576 1308 est
598 1232 648 1309 die
669 1250 708 1309 de
732 1251 789 1309 hac
811 1251 880 1310 luce
901 1251 1065 1324 subtracta,
1092 1254 1123 1310 et

173 1342 272 1415 illum,
292 1346 344 1421 qui
360 1366 393 1404 se
407 1349 538 1421 uocauit,
555 1349 593 1408 ad
612 1369 744 1425 regnum
759 1349 889 1408 caeleste
903 1353 1009 1409 secuta
1023 1353 1077 1409 est

211 1442 294 1502 Item
311 1446 460 1520 quaedam
476 1466 513 1504 ex
529 1448 646 1507 eisdem
660 1447 788 1506 ansellis
799 1448 865 1521 Dei,
878 1468 949 1506 cum
965 1449 1120 1524 praefato³

174 1543 251 1600 tacta
273 1543 389 1617 nrorbo,
406 1548 500 1621 atque
520 1546 558 1605 ad
580 1551 719 1605 extrema
740 1550 821 1606 esset
843 1546 998 1622 perducta,
1018 1547 1119 1622 coepit

175 1640 274 1698 subito
302 1643 380 1701 cirea
405 1644 541 1703 mediam
566 1649 689 1703 noctem
715 1645 846 1704 clamare
871 1644 928 1716 his,
956 1646 1120 1721 quaesibi

174 1740 397 1814 ministrabant,
418 1746 535 1818 peteme,
553 1747 588 1802 ut
610 1744 777 1818 lucernam,
796 1764 873 1820 quae
894 1744 971 1802 inibi
992 1764 1119 1804 accensa

172 1843 239 1901 erat.
258 1840 484 1915 extinguerent.
530 1842 617 1916 Quod
640 1862 712 1901 curn
733 1841 890 1918 frequenti
909 1861 983 1901 uoce
1004 1847 1118 1918 repete·

173 1943 223 2008 ret,
242 1958 299 1997 nec
322 1943 426 1999 tamen
447 1942 475 1999 oi
497 1941 610 2016 aliquis
630 1940 865 2016 obtemperaret,
883 1940 921 1999 ad
941 1945 1117 2002 extremum

172 2035 299 2096 intulit:
324 2039 418 2110 ‘Seia
437 2038 519 2114 quod
538 2059 589 2097 me
609 2039 683 2097 haee
697 2040 806 2098 insana
821 2041 926 2098 mente
940 2039 1026 2115 loqui
1041 2041 1118 2099 arbi·

172 2136 317 2207 tramini3
338 2137 390 2195 sed
412 2138 474 2196 iam
496 2158 579 2196 nunc
602 2138 727 2196 nonita
743 2157 809 2196 esse
828 2138 1021 2214 cognoscite,
1043 2159 1117 2199 nam

171 2253 238 2293 uere
249 2236 318 2294 dieo
330 2236 426 2305 uobis,
445 2237 534 2311 quia⁴
550 2236 679 2295 domurn
694 2236 773 2295 hano
782 2240 870 2295 tanta
883 2236 951 2295 luce
965 2237 1116 2312 inpletam

169 2354 233 2392 esse
254 2335 412 2410 perspicio,
431 2339 465 2394 ut
488 2341 590 2394 uestra
612 2336 665 2394 illa
684 2335 809 2395 lucerna
828 2335 908 2394 mihi
925 2337 1116 2397 omnimodis

168 2453 230 2490 esso
246 2433 388 2491 uideatur
401 2433 549 2492 obseura!
592 2434 718 2492 Etcum
733 2454 772 2491 ne
785 2434 884 2492 adhue
899 2435 1026 2511 quidem
1041 2436 1115 2496 talia

169 2530 306 2607 loquenti
316 2534 478 2607 ‹piisquanr
490 2532 694 2608 responderet,
708 2533 759 2591 uel
770 2532 937 2592 adsensum
946 2535 1111 2609 praeberet,
1188 2560 1191 2567 ·

118 2643 144 2675 ι
167 2629 279 2688 iterum
295 2631 392 2689 dixit:
417 2631 601 2689 ‘Accendite
615 2650 687 2706 ergo
703 2631 859 2689 lucernam
879 2630 882 2706 i
902 2631 997 2705 illam,
1010 2653 1115 2709 quam·

167 2727 216 2786 diu
243 2729 359 2799 uultis3
384 2733 520 2787 attamen
543 2729 659 2800 scitote,
685 2730 757 2804 quia
779 2749 841 2787 non
861 2734 908 2789 est
926 2750 1013 2802 mea,
1038 2752 1113 2791 narn

167 2845 232 2883 mea
248 2826 310 2888 lux.
324 2827 492 2902 incipiente
502 2847 618 2898 aurora,
631 2827 709 2885 mihi
721 2827 893 2886 aduentura
906 2829 974 2888 est!
996 2814 1114 2905 Coepit·

165 2946 223 2999 que
246 2944 378 2991 narrare,
397 2925 469 3001 quia
489 2927 664 3000 apparuerit
683 2925 742 2983 sibi
762 2926 889 3001 quidam
910 2927 959 2984 uir
973 2927 1040 2998 Dei,
1059 2927 1111 3002 qui

165 3023 273 3080 eodem
288 3043 372 3081 anno
392 3024 490 3081 fuerat
504 3023 678 3095 defunctus,
697 3024 810 3096 dicens,
829 3024 910 3099 quod
925 3024 1111 3083 adueniente

164 3121 299 3178 dilaculo
330 3140 500 3196 perennem
528 3125 609 3180 esset
636 3122 757 3181 exitura
784 3123 821 3181 ad
857 3122 967 3181 lucem.
1015 3122 1112 3182 Cuius

164 3220 277 3278 uerims
300 3219 429 3278 uisionis
449 3223 510 3280 cita
531 3220 610 3279 eirca
631 3226 775 3280 exortum
791 3221 850 3279 diei
870 3221 991 3297 puellae
1011 3226 1109 3280 morte

163 3318 290 3391 probata
304 3321 358 3376 est.

551 3515 644 3576 CAP.
669 3516 727 3575 lx.

168 3676 223 3720 pan»
239 3670 287 3711 aar
298 3671 385 3710 zurtam
399 3668 491 3710 caelitus
506 3669 581 3722 apua,
596 3681 648 3711 ram
660 3671 679 3711 et
695 3669 745 3722 ipao
760 3670 831 3711 muter
842 3670 1022 3724 coapreputionia
1038 3669 1103 3714 iltius

519 3759 529 3789 e
542 3748 628 3790 mmm
640 3749 756 3791 transiret.

199 3862 273 3921 Cen
295 3865 399 3920 autem
422 3866 452 3919 et
475 3861 542 3936 ipsa
563 3865 662 3920 mater
684 3862 733 3937 pia
751 3862 816 3920 Doo
838 3860 966 3921 deuotae
987 3882 1110 3939 congre·
1127 3881 1275 3935 swryoftu

158 3961 291 4035 gationis
301 3960 490 4035 aedilburga
502 3961 512 3989 ³
523 3964 601 4018 esset
618 3960 762 4036 rapienda
776 3960 815 4018 de
829 3959 957 4031 mundo,
968 3963 1110 4037 apparuit
1127 3940 1241 4044 {md

159 4059 235 4116 uisio
261 4058 403 4117 miranda
425 4058 549 4116 cuidam
575 4059 612 4116 do
637 4057 801 4131 sororibus,
826 4058 875 4116 eui
901 4078 1015 4117 nomen
1040 4062 1107 4119 erat
1127 4058 1267 4115 atheum.

215 4256 277 4316 -gyt
290 4256 319 4309 C,
332 4260 404 4303 which
417 4261 460 4303 tas
472 4260 506 4302 tte
518 4272 586 4303 imme
598 4259 650 4313 orda
661 4272 719 4304 once.
881 4255 891 4284 ²
907 4260 1001 4305 uocata
1013 4257 1049 4308 Μ.
1062 4257 1107 4323 H,

156 4332 319 4382 hund.
420 4334 516 4395 ‘quod
528 4335 557 4383 C.
655 4332 847 4396 ⁸·bur⁸u'gN;
864 4335 983 4385 aedil-O.
