2558 4718
234 875 274 927 14
295 860 427 917 Ponam
444 861 624 925 monasterio,
644 860 690 916 cui
709 860 868 916 Ceollridur
885 864 1027 931 praeerat,
1045 875 1145 914 omnes
1163 861 1273 907 Aneodot

195 949 244 1017 qui
271 949 375 1020 legere,
402 949 449 1004 uel
474 949 646 1019 praedicare,
671 949 719 1004 uel
742 948 887 1004 antifonae
910 966 944 1004 ac
968 947 1144 1018 responsoria
1160 921 1276 1036 gnta„

194 1036 291 1090 dic-ere
315 1041 437 1106 possent,
461 1036 552 1091 ablati
576 1040 649 1099 sunt,
674 1036 826 1107 excepto
818 1054 881 1107 rpso
905 1036 1009 1092 abbate
1034 1039 1065 1090 et
1087 1052 1144 1089 uno
1161 1040 1265 1085 sorrow

195 1123 322 1194 puerulo.
343 1124 392 1193 qui
411 1124 474 1178 ab
466 1143 528 1195 ipso
546 1125 673 1181 nutritus
692 1129 723 1181 et
742 1125 877 1189 eruditus,
901 1142 977 1180 nuno
999 1140 1089 1193 usque
1115 1122 1144 1177 in

194 1213 295 1266 eodem
321 1213 495 1268 monasterio
515 1213 686 1283 presbyterii
711 1214 831 1284 gradum
852 1217 962 1276 tenens,
982 1212 1043 1267 iure
1064 1216 1145 1266 aetus

193 1300 255 1354 eius
278 1300 438 1355 laudabiles
455 1301 584 1357 cunctis¹
609 1301 681 1357 seire
701 1301 865 1357 uolentibus
889 1305 920 1357 et
938 1299 1044 1370 scripto
1068 1316 1144 1355 com·

194 1388 320 1449 mendat,
334 1394 362 1443 et
378 1389 449 1444 latu.
478 1389 532 1457 Qui
545 1389 683 1445 uidelicet
693 1390 787 1453 abbas,
797 1389 926 1460 praefate
935 1388 1031 1460 gratia
1040 1387 1143 1458 plagae

498 693 632 755 auctore
654 689 846 774 Anonyme.
1081 687 1146 752 893

194 1476 315 1529 multum
330 1476 427 1541 tristis,
440 1478 587 1547 praecepit
599 1482 640 1541 ut,
654 1477 813 1533 intermisso
824 1476 881 1532 ritu
891 1476 981 1547 priori
989 1474 1006 1540 ¹,
1021 1476 1145 1546 psalmo·

192 1564 270 1618 diurn
287 1570 386 1630 totam,
399 1571 517 1635 praeter
528 1584 646 1637 uespere
665 1571 696 1622 et
714 1565 864 1622 matutinis
872 1563 891 1632 ⁸,
904 1565 963 1621 siae
980 1564 1145 1635 antiphonis

193 1652 396 1722 transigerent.
442 1653 521 1720 Quod
552 1672 617 1710 cum
646 1654 729 1710 ιιιιιιιι
756 1653 921 1710 ebdomadis
948 1652 1042 1723 spatio
1068 1652 1144 1708 inter

194 1740 297 1794 multas
311 1740 372 1794 eius
385 1740 516 1795 lacrimas
528 1745 557 1796 et
570 1742 762 1811 querimonias
774 1747 848 1799 esset
860 1741 1021 1801 actitatum.
1034 1740 1143 1795 diutius

193 1828 247 1881 huc
259 1827 317 1881 fieri
329 1847 384 1882 non
394 1830 494 1887 serena
505 1848 600 1883 rursus
608 1830 718 1895 statuit,
727 1834 760 1885 ιιι
770 1830 951 1885 antilouatae
959 1828 1143 1900 psalmodiae,

120 1934 133 1958 ι-
194 1915 276 1969 ιιιιιι
294 1934 408 1977 morem,
427 1936 524 1971 cursus
545 1918 778 1982 instauralretur,
797 1918 966 1987 cunctisque
986 1916 1142 1972 adnitenti-

194 2004 254 2067 bus,
274 2022 326 2073 per
344 2023 372 2059 se
392 2011 422 2060 et
441 2024 524 2074 quem
545 2007 675 2076 praedixi
695 2024 824 2077 puerum,
843 2023 899 2076 qne
917 2010 1067 2063 statuerat
1086 2022 1144 2060 non

193 2109 282 2159 paruo
307 2110 371 2145 cum
398 2093 492 2148 labore
518 2096 690 2165 complebat,
710 2095 799 2150 donec
822 2093 912 2149 socios
935 2093 1029 2164 operis
1052 2091 1145 2147 diuini

192 2179 363 2235 sufficientes
377 2183 422 2237 uel
437 2182 560 2237 nutriret
572 2183 642 2253 ipse,
656 2183 702 2239 uel
715 2183 831 2239 aliunde
844 2182 1002 2253 colligeret.

119 2291 147 2317 ιιι.
230 2282 269 2336 ¹5·
289 2270 326 2321 At
345 2269 393 2322 ubi
413 2270 583 2325 Benedictus
595 2289 613 2326 a
630 2271 719 2327 Roma
737 2270 859 2341 patriam
874 2269 1026 2341 peregriua
1041 2287 1142 2334 meroe,
1160 2279 1269 2324 &nsua

193 2362 223 2408 ut
234 2372 353 2424 semper
364 2358 856 2428 onustusaduenit,mestruqu1dem
869 2357 931 2414 est‘
944 2358 981 2413 de
992 2357 1073 2413 clade
1086 2375 1142 2426 que
1160 2343 1276 2442 m

191 2442 341 2499 acciderat
356 2444 403 2497 aed
416 2445 531 2514 gauisus
544 2446 613 2500 satis
630 2447 698 2516 quia
712 2447 859 2518 Siglridus.
873 2447 933 2502 Deo
944 2445 1117 2500 amabilia
1089 2463 1141 2509 urr,
1161 2457 1214 2501 him
1224 2458 1275 2501 aud

191 2548 242 2598 pro
252 2530 418 2585 bodera-nu
432 2533 520 2587 abbas
532 2539 606 2590 esset
616 2534 744 2601 electus
764 2532 976 2607 precepitque⁸,
986 2537 1019 2588 ut
1028 2551 1142 2604 suscep
1160 2516 1262 2573 sigfnd

191 2624 251 2672 tani
278 2620 443 2674 monasterii
474 2639 570 2675 curam
598 2626 712 2678 strenue
736 2627 859 2694 gereret,
886 2622 948 2692 ipso
974 2640 1086 2692 quoque
1111 2622 1142 2677 iu

120 2729 147 2756 ιι.
192 2707 323 2762 doctrina
348 2713 377 2762 et
402 2710 579 2764 emtionibus
601 2711 730 2767 iuuante.
766 2711 873 2767 Uerum
892 2727 949 2765 uon
968 2710 1061 2766 multo
1079 2715 1143 2780 poet

192 2799 313 2864 uterque
339 2796 441 2852 incidit
466 2798 495 2851 in
521 2798 725 2865 infirmitatem,
745 2801 774 2854 et
796 2802 941 2854 crescente
958 2815 1011 2868 per
1029 2802 1143 2868 tempas

192 2883 333 2941 molestia,
347 2885 376 2938 in
390 2886 495 2939 lectum
509 2887 593 2941 ambo
606 2891 781 2949 sternuntur,
795 2887 838 2941 ita
850 2891 882 2940 ut
896 2903 931 2941 ne
940 2886 976 2941 ad
987 2885 1142 2942 sedendum

191 2968 307 3034 quidem
322 2970 491 3038 exsurgere⁸
504 2977 628 3039 possent.

119 3067 124 3092 ¹
143 3088 146 3093 -
232 3058 270 3109 16.
292 3055 372 3111 Unde
387 3056 460 3110 inito
473 3075 537 3111 cum
552 3057 686 3113 fratribus
698 3056 826 3124 consilio,
840 3057 1014 3113 Benedictus
1025 3057 1142 3113 uocauit
1158 3071 1266 3117 ceolam

190 3142 374 3209 Ceolsiidum,
400 3163 521 3213 eumque
547 3146 695 3216 utriusque
722 3145 887 3202 monasterii
913 3145 1049 3202 abbatem
1072 3163 1141 3202 oon·
1158 3132 1279 3237 (κοΐ

190 3231 294 3288 stituit
309 3233 488 3301 praecipiens
503 3238 535 3287 ut
555 3252 643 3289 unum
660 3235 821 3304 peremnia
834 3238 909 3290 emet
926 3233 1139 3297 monasterium.
1157 3262 1254 3296 mnu.

191 3319 305 3372 tametsi
336 3320 483 3373 duobus
476 3340 505 3375 m
538 3322 607 3377 locis
635 3322 768 3392 positum,
799 3338 858 3377 uuo
884 3339 996 3392 semper
1024 3320 1139 3377 abbati²
1156 3309 1240 3364 “⁸⁸⁸²

189 3406 390 3473 gubernatum,
406 3410 506 3463 eodem
520 3409 666 3481 priuilegii
682 3409 841 3466 munimiae
853 3413 998 3472 tutatum:
1018 3414 1049 3465 et
1065 3382 1189 3466 siout*

190 3494 250 3548 eiua
251 3496 476 3565 derupriuilegii.
485 3499 560 3566 quod
571 3498 607 3552 ab
614 3498 762 3568 Agathone
773 3515 849 3567 papa
858 3502 1029 3568 susceperat,
1034 3497 1142 3568 scripta

189 3584 346 3639 continent.
361 3584 444 3638 simul
458 3591 490 3639 et
503 3587 601 3655 regula
613 3585 705 3641 sancti
719 3585 809 3655 patris
823 3585 981 3650 Benedicti,
994 3603 1141 3655 uunquam

189 3671 295 3724 alrbaa*
315 3672 407 3726 eidem
432 3674 604 3729 monasterio
622 3673 704 3728 iuxta
722 3674 928 3730 successionem
949 3673 1071 3744 generis,
1092 3674 1141 3730 sed

190 3759 270 3812 iuxta
300 3760 377 3813 uitae
404 3761 517 3814 modum
543 3767 571 3817 et
596 3761 742 3817 doctrinae
768 3766 935 3831 quereretur
960 3761 1140 3828 industriam,

116 3876 130 3902 s.
190 3847 362 3905 aecunidum
387 3848 461 3914 quod
486 3848 545 3916 ipse
567 3848 597 3903 in
618 3848 764 3919 praesenti
788 3848 964 3903 ceolfridum
988 3853 1138 3909 aduerat,

190 3935 238 4003 qui
249 3935 338 4003 magia
346 3934 400 3987 sibi
409 3935 530 4004 spiritali
541 3954 626 4005 quam
636 3936 744 3992 carnali
753 3939 816 3992 erat
825 3936 997 4008 cognatione
1005 3953 1139 4004 conexus,

223 4093 229 4119 ²
247 4098 358 4140 cunctos
371 4094 392 4140 δ.
458 4092 468 4120 ⁸
485 4094 705 4144 intermiserim
724 4095 807 4157 priori
824 4111 871 4145 om.
892 4097 913 4156 t,
932 4099 1084 4156 ιιιιιιίιιιιιισ
1103 4096 1138 4147 ad

189 4185 283 4218 omneu
295 4172 374 4218 horas
387 4171 526 4233 regulares
594 4171 604 4200 ⁸
621 4186 762 4235 uesperam
773 4176 801 4221 et
812 4174 963 4223 matutinas
974 4174 996 4220 ι.
1071 4173 1138 4223 ‘est

188 4266 231 4295 om.
244 4249 264 4297 δ.
359 4247 436 4311 ’qua
447 4266 494 4298 om.
506 4251 528 4298 δ.
647 4247 801 4314 ‘exurgam
820 4249 857 4301 Η.
979 4247 1102 4300 'abbate
1114 4251 1138 4303 δ.

188 4328 337 4374 'abbatem
350 4327 372 4376 d.
