2558 4718
175 600 422 666 cmxrvixvrt]
491 590 607 656 Gentis
631 590 832 676 Auplomm.
1060 592 1126 656 287

173 785 287 829 sorum.
305 766 406 842 cepit¹
428 767 460 825 et
481 765 619 825 insulam
641 765 781 838 Uectem,
808 786 888 842 quae
909 769 1039 825 eatenus
1059 767 1125 825 erat

174 870 238 924 tota
259 864 420 924 idolatriae
449 864 561 935 dedita,
593 884 627 923 ac
652 864 805 940 stragica²
830 865 921 924 caede
946 884 1057 926 omnes
1081 851 1176 939 ini}

173 963 300 1040 digenas
319 963 532 1035 exterminare,
556 983 591 1023 ac
612 983 685 1022 suae
705 963 883 1039 prouinciae
904 965 1048 1024 homines
1068 983 1125 1040 pro
1142 954 1181 999 W¹

174 1061 222 1120 his
245 1061 433 1121 substituere
454 1062 624 1135 contendit,
649 1066 723 1121 uoto
744 1083 778 1121 ee
807 1063 956 1139 obligans,
980 1063 1125 1140 quamuis

174 1161 305 1219 necdum
329 1164 537 1236 regeneratus,
562 1163 598 1219 ut
622 1160 737 1231 ferunt,
764 1161 797 1220 in
827 1162 960 1229 Christo,
987 1162 1068 1239 quia,
1097 1161 1124 1221 si

173 1259 301 1335 cepisset
316 1259 461 1329 insulam,
480 1262 621 1335 quartam
634 1263 642 1286 ²²
658 1262 778 1334 partem
798 1259 865 1319 eius
879 1260 974 1319 simul
991 1264 1022 1320 et
1036 1280 1122 1336 prae

173 1357 227 1415 dae
245 1358 381 1416 Domino
399 1357 493 1417 daret
539 1358 628 1431 Quod
650 1358 694 1416 ita
711 1357 813 1430 soluit,
832 1362 868 1418 ut
886 1359 966 1418 hanc
988 1359 1123 1420 Uilirido

173 1455 322 1532 episcopo,
351 1456 405 1531 qui
431 1460 506 1515 tunc
531 1456 611 1515 forte
636 1456 674 1515 de
702 1459 796 1533 gente
820 1476 877 1516 sua
900 1457 1122 1533 superueniens

172 1555 284 1621 aderat,
316 1555 464 1613 utendam
494 1574 550 1631 pro
578 1554 716 1613 Domino
745 1555 878 1614 offerret
929 1557 985 1616 Est
1017 1559 1122 1615 autern

173 1672 318 1712 mensura
343 1653 482 1712 eiusdem
510 1653 639 1725 insulae,
671 1652 758 1712 iuxta
785 1654 1035 1719 aestimationem
1059 1657 1123 1715 An·

172 1753 302 1828 giorum,
321 1751 410 1810 mille
430 1751 635 1810 ducentarum
656 1751 868 1825 familiarum
890 1753 973 1812 unde
990 1754 1062 1813 data
1075 1758 1122 1813 est

171 1851 314 1927 episcopo
325 1850 476 1927 possessio
490 1853 589 1909 terrae
604 1851 748 1915 ocenum
760 1850 959 1912 familiarum.
998 1854 1043 1912 At
1057 1853 1123 1929 ipse

172 1956 298 2026 partem,
317 1969 411 2027 quam
426 1951 550 2027 accepit,
568 1951 800 2010 commendauit
814 1950 938 2009 cuidam
953 1951 992 2009 de
1003 1951 1122 2011 clericis

171 2050 244 2119 suis,
261 2049 312 2106 cui
334 2069 448 2107 nomen
470 2048 650 2121 Bemuini⁴,
673 2053 704 2108 et
723 2048 892 2108 eratfilius
910 2050 1024 2109 sororis
1042 2050 1118 2117 eius,

170 2149 248 2207 dans
269 2147 317 2207 illi
338 2147 555 2224 presbyterum
582 2147 711 2207 nomine
730 2147 869 2220 Hiddila,
887 2148 941 2225 qui
961 2149 1117 2219 omnibus,

170 2248 222 2322 qui
243 2246 357 2305 saluari
383 2246 509 2319 uellent,
531 2245 663 2305 uerbum
686 2265 721 2305 ac
745 2245 902 2306 lauacmm
926 2246 1009 2306 uitae
1031 2247 1121 2307 mini·

169 2350 289 2404 straret.

212 2444 273 2504 Ubi
283 2444 417 2507 ¹silentio
436 2443 697 2519 praetereundum
717 2463 781 2503 non
800 2462 867 2502 esse
886 2463 964 2516 reor,
982 2443 1064 2520 quod
1085 2444 1119 2502 iu
1139 2457 1273 2513 elongaret

170 2544 325 2619 primitias
340 2563 455 2615 eorum,
474 2543 527 2619 qui
542 2542 581 2602 de
596 2543 704 2602 eadem
724 2542 828 2602 insula
842 2543 996 2602 credendo
1010 2542 1120 2602 saluati
1136 2518 1265 2630 §ffiof

170 2650 250 2705 suut.
275 2643 338 2701 duo
360 2642 435 2718 regii
458 2642 547 2717 pueri
568 2642 679 2700 fratres
698 2641 844 2701 uidelicet
863 2642 1017 2700 Arualdi³
1037 2642 1120 2718 regis
1137 2635 1262 2741 iffi?

170 2740 297 2811 insulae,
320 2740 445 2816 speciali
467 2744 542 2798 sunt
564 2739 623 2799 Dei
644 2740 742 2816 gratie
763 2741 910 2799 coronati.
956 2740 1119 2815 Siquidem
1137 2754 1231 2812 wicht.

170 2839 398 2899 inminentibus
427 2839 547 2897 insulae
576 2838 727 2911 hostibus,
759 2838 832 2914 fuga
861 2838 938 2913 lapsi
972 2843 1048 2903 sunt
1080 2839 1120 2899 de

171 2939 278 3005 insula,
297 2944 327 2996 et
343 2939 374 2996 iu
391 2937 563 3013 proximam
584 2937 730 2997 Iutorum
750 2936 941 3012 prouinciam
956 2936 1118 3010 translati;

170 3038 228 3099 ubi.
254 3059 325 3096 cum
352 3037 446 3095 delati
470 3037 501 3094 in
525 3036 636 3104 locum,
661 3035 714 3111 qui
737 3039 863 3093 uocatur
884 3036 935 3095 Ad
957 3035 1116 3111 Lapidem.

169 3136 353 3195 moriundos
367 3156 400 3193 se
414 3156 432 3193 a
447 3135 523 3193 facie
538 3135 620 3210 regis
635 3134 762 3195 uictoris
773 3134 986 3206 credidissent,
1004 3134 1117 3211 proditi

170 3240 250 3297 sunt.
275 3239 368 3309 atque
395 3233 491 3293 occidi
520 3233 604 3295 iussi.
650 3233 739 3307 Quod
764 3252 836 3291 cum
859 3232 996 3292 audisset
1023 3232 1119 3292 abbas

171 3335 339 3408 quidamst
356 3333 518 3408 presbyter
536 3331 686 3391 uocabulo
704 3330 871 3408 Cyniberct
882 3332 900 3403 ⁸,
920 3330 1037 3390 habens
1054 3350 1118 3391 non

171 3429 259 3506 louge
288 3432 326 3489 ab
357 3432 430 3489 iude
466 3431 689 3491 monasterium
719 3430 752 3487 iu
781 3429 855 3500 loco,
878 3429 956 3504 iqui
990 3434 1119 3489 uocatur

171 3527 340 3588 Hreutsord
352 3529 370 3592 ⁷,
389 3530 419 3588 id
438 3535 485 3590 est
501 3531 615 3589 uadum
636 3528 828 3593 harundinis
846 3527 934 3586 uenit
948 3529 986 3587 ad
1002 3548 1114 3604 regem,

172 3630 218 3703 qui
252 3637 326 3687 tuuc
356 3630 472 3687 eisdem
502 3630 535 3688 in
565 3627 706 3704 partibus
737 3628 876 3687 occultus
906 3627 1070 3687 curabatur
1099 3647 1118 3687 a

174 3728 359 3793 uulneribus,
378 3748 456 3804 quae
472 3729 498 3786 ci
518 3728 634 3786 inflicta
649 3727 774 3786 fuerant
788 3725 952 3802 proelianti
967 3726 1000 3785 iu
1016 3725 1118 3785 insula

201 3927 208 3954 ¹
226 3930 301 3989 capit
315 3928 349 3974 bi.
361 3927 403 3975 W,
447 3927 456 3954 ¹
470 3933 503 3973 sic
517 3927 551 3975 M.
562 3927 592 3974 B.
602 3927 631 3974 C.
645 3925 965 3989 H,.w.n.1t,.0,.0,ae.
978 3941 985 3983 3
1002 3927 1115 3986 stragis·

176 4003 245 4049 raeda·
261 4003 310 4051 N':
329 4004 456 4052 straus-as
472 4001 565 4048 euodes
583 4002 632 4058 Νὴ
656 4000 757 4055 trecies
768 4001 808 4058 0,,
823 3999 883 4048 edd.
898 4001 981 4057 actiae
994 4004 1026 4061 by
1038 4002 1114 4048 trois·

177 4089 216 4122 rau
231 4080 304 4123 winb-
318 4079 376 4125 As„
388 4082 429 4122 ie.
443 4077 522 4123 caude
535 4077 634 4123 troicae
646 4075 740 4124 simili.
782 4074 792 4102 ³
808 4080 835 4122 et
847 4075 981 4137 praedam,
992 4080 1083 4122 initiand
1093 4078 1121 4133 ol

178 4168 290 4212 qrunum
302 4156 332 4202 B.
379 4155 386 4178 ⁸
404 4170 448 4201 ·m·
459 4154 507 4210 B¹;
525 4155 657 4200 bennuiui
668 4153 690 4200 N
703 4169 709 4211 ς
727 4153 900 4201 berchtuuiui
913 4152 951 4209 (ἔς
969 4153 1115 4202 berhtwiui

179 4233 221 4281 ss.
286 4233 401 4281 ⁵oualdi
418 4232 456 4280 13².
523 4232 682 4280 ⁸·berhtC.
747 4228 1054 4290 'breed-3¹5hmut-
1067 4231 1097 4282 C.
