2558 4718
140 689 460 754 cmxxvmxxvmi]
507 679 623 746 Gentis
644 678 849 765 Aaplomm.
1024 679 1086 743 271

140 855 193 921 ieie,
222 873 296 928 qaae
313 857 500 929 possidebant
508 853 527 929 ¹,
555 856 669 929 aliquid
690 873 777 914 acum
802 872 862 915 aesc
889 856 1007 926 dicebat,
1038 855 1089 914 aed

139 959 220 1012 erarii
234 952 293 1014 eis²
309 955 427 1013 mania³
442 954 627 1014 eornmrmio!

400 1139 492 1199 CAP.
515 1138 625 1197 XXVI
648 1132 833 1218 [ΧΧἯΙΙ]Ι

143 1271 170 1314 t't
186 1272 246 1315 idem
259 1274 285 1314 in
298 1275 349 1316 uita
365 1274 508 1317 anchoretica
519 1272 633 1326 etsontem
644 1273 671 1316 de
687 1275 765 1316 arente
776 1275 836 1315 terro
851 1272 938 1315 orama
945 1273 1087 1332 produxerit,

214 1354 234 1394 et
245 1349 355 1405 eeoetem⁸
368 1353 394 1395 rie
406 1353 480 1395 labore
493 1363 608 1395 manuum
620 1351 681 1394 ultra
693 1354 781 1404 tempus
793 1351 883 1395 urendi
895 1353 1011 1404 acceperit.

182 1464 265 1523 Exire
291 1466 463 1525 Cudberct⁵
486 1466 695 1526 crescentibus
718 1466 837 1526 meritis
861 1466 1020 1541 religiosae
1042 1467 1086 1525 in·
1106 1472 1229 1517 eurtum

141 1564 298 1626 tentionis.
313 1565 350 1622 ad
366 1566 570 1624 anchoriticae
580 1585 703 1641 quoque
717 1564 996 1640 contemplationis,
1011 1585 1088 1641 quse
1105 1533 1259 1635 mm„

140 1661 285 1727 diximus
310 1664 433 1722 silentia
460 1669 575 1723 secrete
600 1664 750 1740 peruenit.
795 1664 935 1724 Uerum·
957 1664 1029 1739 quia
1050 1664 1089 1722 de
1105 1651 1230 1755 ffifgm

140 1761 204 1818 uita
225 1761 312 1819 iliius
329 1768 360 1821 et
383 1762 553 1822 uirtutibus
570 1767 643 1822 ante
660 1782 760 1821 annos
777 1762 883 1838 plures
901 1762 1089 1821 sufficienter

137 1863 169 1915 et
185 1860 326 1918 uersibus
340 1862 476 1933 heroicis,
491 1866 523 1920 et
537 1861 672 1936 simplici
688 1861 826 1919 oratione
837 1861 1083 1936 conscripsimus,

141 1958 198 2015 hoc
217 1963 341 2018 tantum
359 1961 392 2018 in
412 1961 564 2035 praesenti
585 1979 828 2017 commemorare
845 1961 920 2018 satis
938 1959 986 2031 sit,
1004 1959 1087 2036 quod

139 2057 280 2115 nditums
294 2059 430 2116 insulam
444 2062 633 2134 protestatus
650 2061 697 2116 est
714 2057 869 2125 fratribus,
887 2057 1010 2118 dicens:
1036 2058 1086 2118 ‘Si

139 2154 217 2212 mihi
239 2156 345 2215 diuina
366 2157 462 2232 gratia
480 2157 513 2215 in
532 2157 598 2215 loco
619 2156 673 2214 illo
689 2156 860 2230 donauerit,
879 2161 914 2215 ut
935 2157 974 2215 de
995 2177 1087 2233 opere

138 2273 290 2313 manuum
313 2276 451 2314 meorum
475 2257 580 2313 uiuere
601 2266 722 2329 queam,
737 2254 838 2312 libens
859 2254 901 2313 ibi
922 2255 1087 2328 morabor;

138 2355 187 2410 sin
202 2354 284 2417 alias.
303 2355 340 2413 ad
357 2375 412 2413 uos
428 2355 577 2413 citissime
592 2354 657 2413 Deo
673 2353 798 2412 uolente
814 2355 970 2412 reuertar!
1012 2355 1088 2414 Erat

136 2456 242 2510 autem
259 2452 344 2511 locus
358 2458 388 2512 et
404 2474 500 2530 aquae
512 2472 636 2529 prorsus
650 2455 681 2510 et
695 2452 793 2528 frugis
807 2456 838 2511 et
852 2452 969 2511 arboris
983 2452 1083 2529 inops,

88 2572 97 2598 2
136 2550 190 2608 sed
228 2555 258 2609 et
294 2553 460 2627 spirituum
490 2551 699 2627 malignorum
731 2551 904 2626 frequentia
932 2551 1087 2611 humanae

137 2649 320 2708 habitationi
350 2653 454 2710 minus
480 2650 718 2721 accommodus;
747 2649 800 2708 sed
824 2650 862 2708 ad
893 2653 1001 2710 uotum
1027 2651 1087 2709 uiri

138 2749 195 2806 Dei
225 2749 403 2809 habitabilis
431 2769 484 2826 per
511 2749 617 2808 omnia
648 2749 748 2807 factus
778 2753 832 2821 est,
864 2749 1017 2825 siquidem
1046 2750 1084 2808 ad

136 2847 309 2905 aduentum
325 2850 391 2907 eius
405 2849 533 2924 spiritus
543 2866 696 2905 receoeere
709 2845 847 2922 maligni.
886 2847 966 2906 Cum
979 2852 1085 2907 autem
1104 2856 1224 2901 Hirscles

138 2946 203 3020 ipse
218 2947 276 3005 sibi
289 2947 404 3006 ibidem
416 2947 553 3023 expulsis
564 2944 705 3003 hostibus
715 2945 910 3003 mansionem
921 2949 1085 3022 angustam
1260 2940 1271 2953 '

136 3045 392 3104 circunmallante
427 3066 536 3121 aggere
571 3049 598 3103 et
629 3045 732 3103 domus
762 3047 793 3101 ia
824 3063 859 3102 ea
887 3044 1081 3115 necessarias,

136 3143 265 3201 iuuante
281 3145 411 3202 fratrum
429 3165 531 3211 marm,
550 3143 580 3202 id
596 3145 644 3201 est
658 3142 827 3201 oratorium
842 3147 874 3202 et
888 3143 1085 3202 imitandum

88 3280 96 3294 .
136 3262 294 3309 (pomariae,
312 3243 543 3313 construxisset,
561 3242 651 3301 iussit
670 3242 782 3300 fratres
799 3241 831 3300 in
850 3242 988 3301 eiusdem
1003 3242 1086 3302 habi·

136 3340 230 3398 taculi
260 3342 440 3415 pauimento
462 3344 585 3415 foueam
618 3340 736 3413 iacere;
768 3345 829 3400 erat
856 3344 961 3399 autem
990 3341 1085 3401 tellus

136 3440 293 3498 durissimo
315 3446 341 3498 ei
360 3459 472 3504 saxosa.
490 3442 540 3499 cui
561 3439 648 3498 nulla
669 3439 799 3497 omnino
820 3457 890 3514 spes
911 3458 1006 3499 uenae
1016 3441 1085 3513 fois·

136 3545 225 3596 tanae
241 3540 396 3599 uideretur
413 3539 521 3598 inesse.
575 3538 664 3612 Quod
678 3538 754 3597 dum
772 3537 917 3610 facerent,
934 3538 973 3597 ad
988 3538 1083 3597 fidem

135 3647 165 3697 et
188 3660 291 3715 preces
312 3639 421 3698 famuli
443 3641 508 3709 Dei,
525 3638 586 3698 alio
606 3638 656 3697 die
675 3658 756 3714 aqua
776 3637 867 3713 plena
886 3639 1006 3697 inuenta
1024 3642 1080 3707 est,

135 3759 214 3813 quae
243 3759 340 3813 usque
368 3739 406 3796 ad
433 3738 512 3796 hanc
539 3738 622 3796 diem
651 3736 857 3795 sufficientem
882 3735 1003 3795 cunctis
1027 3736 1084 3796 illo

133 3837 373 3895 alamanniam
389 3837 504 3908 gratiae
525 3856 598 3895 suae
619 3834 759 3895 caelestis
780 3839 893 3909 copiam
913 3836 1079 3896 ministrat

88 3964 95 3983 ι
135 3937 250 3994 Sedet
275 3937 463 3994 ferramenta
487 3936 543 3993 sihi
565 3934 676 3993 ruralis
696 3953 767 3992 cum
790 3933 947 3993 frumento
971 3936 1084 4008 adferri

136 4040 256 4110 mporrii.
285 4035 365 4111 quod
392 4035 467 4093 dum
496 4037 674 4110 praeparata
703 4037 779 4092 tenu
803 4037 923 4107 tempore
946 4052 1083 4111 congruo

168 4185 174 4210 ¹
195 4184 299 4246 prismei·
313 4183 346 4231 Μ.
392 4181 401 4209 ²
419 4184 474 4230 illis
484 4182 509 4230 Μ
522 4199 529 4239 ;
546 4182 609 4230 vit·
620 4182 721 4239 cudh.;
739 4183 785 4230 eis
798 4196 861 4241 sup,
875 4196 901 4244 p.
914 4197 953 4241 eo
1000 4179 1009 4207 ⁵
1026 4194 1081 4229 om·

134 4264 180 4311 nia
191 4280 236 4309 om.
250 4262 283 4310 Μ.
373 4263 380 4288 “
399 4263 510 4322 segitem
524 4261 557 4310 Μ.
649 4259 659 4288 ³
675 4259 764 4308 berht
775 4260 805 4309 G.
897 4257 907 4284 ⁸
926 4259 949 4307 D
960 4258 1005 4308 tc.
1018 4263 1082 4318 moin

133 4347 169 4389 the
181 4359 230 4389 m
240 4346 331 4398 dupin
342 4345 396 4387 actu
408 4354 510 4389 uerum.
