<?xml version="1.0" encoding="UTF-8"?>
<!DOCTYPE html PUBLIC "-//W3C//DTD XHTML 1.0 Transitional//EN"
    "http://www.w3.org/TR/xhtml1/DTD/xhtml1-transitional.dtd">
<html xmlns="http://www.w3.org/1999/xhtml" xml:lang="en" lang="en">
 <head>
  <title>
</title>
<meta http-equiv="Content-Type" content="text/html;charset=utf-8" />
  <meta name='ocr-system' content='tesseract 3.04.00' />
  <meta name='ocr-capabilities' content='ocr_page ocr_carea ocr_par ocr_line ocrx_word'/>
</head>
<body>
  <div class='ocr_page' id='page_1' title='image "./venerabilisbaed02plumgoog_0715.png"; bbox 0 0 2558 4718; ppageno 0'>
   <div class='ocr_carea' id='block_1_1' title="bbox 141 674 1005 761">
    <p class='ocr_par' dir='ltr' id='par_1_1' title="bbox 141 674 1005 761">
     <span class='ocr_line' id='line_1_1' title="bbox 141 674 1005 761; baseline -0.005 -21"><span class='ocrx_word' id='word_1_1' title='bbox 141 678 208 740; x_wconf 78' lang='lat'>404</span> <span class='ocrx_word' id='word_1_2' title='bbox 265 674 422 741; x_wconf 71' lang='lat' dir='ltr'>Hister-iu</span> <span class='ocrx_word' id='word_1_3' title='bbox 448 674 620 741; x_wconf 80' lang='lat' dir='ltr'>Albatum</span> <span class='ocrx_word' id='word_1_4' title='bbox 642 680 778 741; x_wconf 75' lang='lat' dir='ltr'>auctore</span> <span class='ocrx_word' id='word_1_5' title='bbox 800 674 1005 761; x_wconf 74' lang='lat' dir='ltr'>Anonymo.</span> 
     </span>
    </p>
   </div>
   <div class='ocr_carea' id='block_1_2' title="bbox 136 854 1165 2318">
    <p class='ocr_par' dir='ltr' id='par_1_2' title="bbox 136 854 1165 2318">
     <span class='ocr_line' id='line_1_2' title="bbox 141 854 1097 927; baseline -0.001 -17"><span class='ocrx_word' id='word_1_6' title='bbox 141 858 282 911; x_wconf 74' lang='lat' dir='ltr'>traditum</span> <span class='ocrx_word' id='word_1_7' title='bbox 312 862 356 912; x_wconf 91' lang='lat' dir='ltr'>est</span> <span class='ocrx_word' id='word_1_8' title='bbox 386 856 551 913; x_wconf 84' lang='lat' dir='ltr'>uenerabile</span> <span class='ocrx_word' id='word_1_9' title='bbox 583 874 684 927; x_wconf 89' lang='lat' dir='ltr'>corpus</span> <span class='ocrx_word' id='word_1_10' title='bbox 718 854 817 926; x_wconf 80' lang='lat' dir='ltr'>ipsius,</span> <span class='ocrx_word' id='word_1_11' title='bbox 845 854 944 913; x_wconf 85' lang='lat' dir='ltr'>tribus</span> <span class='ocrx_word' id='word_1_12' title='bbox 975 856 1097 913; x_wconf 85' lang='lat' dir='ltr'>eiusdem</span> 
     </span>
     <span class='ocr_line' id='line_1_3' title="bbox 140 942 1165 1015; baseline 0.005 -17"><span class='ocrx_word' id='word_1_13' title='bbox 140 944 295 1001; x_wconf 70' lang='lat' dir='ltr'>aecclesiae</span> <span class='ocrx_word' id='word_1_14' title='bbox 309 944 481 1009; x_wconf 76' lang='lat' dir='ltr'><strong>custodibus,</strong></span> <span class='ocrx_word' id='word_1_15' title='bbox 496 944 577 1000; x_wconf 81' lang='lat' dir='ltr'>iuxta</span> <span class='ocrx_word' id='word_1_16' title='bbox 593 962 708 1007; x_wconf 90' lang='lat' dir='ltr'>morem,</span> <span class='ocrx_word' id='word_1_17' title='bbox 727 942 865 1001; x_wconf 86' lang='lat' dir='ltr'>excubias</span> <span class='ocrx_word' id='word_1_18' title='bbox 880 946 885 1013; x_wconf 80' lang='lat' dir='ltr'>l</span> <span class='ocrx_word' id='word_1_19' title='bbox 902 944 1001 1001; x_wconf 89' lang='lat' dir='ltr'>noctis</span> <span class='ocrx_word' id='word_1_20' title='bbox 1015 960 1096 1015; x_wconf 83' lang='lat' dir='ltr'>agen·</span> <span class='ocrx_word' id='word_1_21' title='bbox 1108 950 1165 1003; x_wconf 68' lang='lat' dir='ltr'>tut</span> 
     </span>
     <span class='ocr_line' id='line_1_4' title="bbox 141 1032 1095 1103; baseline 0.001 -17"><span class='ocrx_word' id='word_1_22' title='bbox 141 1033 225 1089; x_wconf 83' lang='lat' dir='ltr'>tibus.</span> <span class='ocrx_word' id='word_1_23' title='bbox 253 1034 348 1089; x_wconf 88' lang='lat' dir='ltr'>subito</span> <span class='ocrx_word' id='word_1_24' title='bbox 375 1033 528 1103; x_wconf 82' lang='lat' dir='ltr'>flagrantia</span> <span class='ocrx_word' id='word_1_25' title='bbox 547 1032 612 1087; x_wconf 88' lang='lat' dir='ltr'>miri</span> <span class='ocrx_word' id='word_1_26' title='bbox 630 1032 725 1088; x_wconf 87' lang='lat' dir='ltr'>odoris</span> <span class='ocrx_word' id='word_1_27' title='bbox 743 1036 839 1089; x_wconf 84' lang='lat' dir='ltr'>totum</span> <span class='ocrx_word' id='word_1_28' title='bbox 861 1033 1035 1089; x_wconf 72' lang='lat' dir='ltr'>aecclesiam</span> <span class='ocrx_word' id='word_1_29' title='bbox 1057 1050 1095 1087; x_wconf 83' lang='lat' dir='ltr'>re-</span> 
     </span>
     <span class='ocr_line' id='line_1_5' title="bbox 141 1120 1096 1191; baseline 0.002 -18"><span class='ocrx_word' id='word_1_30' title='bbox 141 1120 285 1190; x_wconf 88' lang='lat' dir='ltr'>pleuerit;</span> <span class='ocrx_word' id='word_1_31' title='bbox 305 1130 404 1177; x_wconf 81' lang='lat' dir='ltr'>secuta</span> <span class='ocrx_word' id='word_1_32' title='bbox 421 1121 458 1177; x_wconf 89' lang='lat' dir='ltr'>sit</span> <span class='ocrx_word' id='word_1_33' title='bbox 478 1126 575 1178; x_wconf 88' lang='lat' dir='ltr'>autem</span> <span class='ocrx_word' id='word_1_34' title='bbox 593 1126 623 1177; x_wconf 87' lang='lat' dir='ltr'>et</span> <span class='ocrx_word' id='word_1_35' title='bbox 643 1120 700 1179; x_wconf 88' lang='lat' dir='ltr'>lux.</span> <span class='ocrx_word' id='word_1_36' title='bbox 713 1138 786 1190; x_wconf 84' lang='lat' dir='ltr'>quae</span> <span class='ocrx_word' id='word_1_37' title='bbox 800 1124 833 1177; x_wconf 84' lang='lat' dir='ltr'>ct</span> <span class='ocrx_word' id='word_1_38' title='bbox 852 1120 918 1191; x_wconf 80' lang='lat' dir='ltr'>ipsu</span> <span class='ocrx_word' id='word_1_39' title='bbox 937 1139 996 1177; x_wconf 90' lang='lat' dir='ltr'>non</span> <span class='ocrx_word' id='word_1_40' title='bbox 1014 1138 1096 1191; x_wconf 83' lang='lat' dir='ltr'>perne</span> 
     </span>
     <span class='ocr_line' id='line_1_6' title="bbox 140 1206 1095 1279; baseline -0.002 -16"><span class='ocrx_word' id='word_1_41' title='bbox 140 1212 268 1278; x_wconf 83' lang='lat' dir='ltr'>tempore</span> <span class='ocrx_word' id='word_1_42' title='bbox 282 1227 463 1279; x_wconf 79' lang='lat' dir='ltr'>permanens,</span> <span class='ocrx_word' id='word_1_43' title='bbox 475 1211 593 1265; x_wconf 85' lang='lat' dir='ltr'>tandem</span> <span class='ocrx_word' id='word_1_44' title='bbox 612 1214 691 1265; x_wconf 88' lang='lat' dir='ltr'>tecta</span> <span class='ocrx_word' id='word_1_45' title='bbox 708 1206 869 1265; x_wconf 84' lang='lat' dir='ltr'>aecclesiae</span> <span class='ocrx_word' id='word_1_46' title='bbox 888 1207 1032 1279; x_wconf 82' lang='lat' dir='ltr'>petierit:</span> <span class='ocrx_word' id='word_1_47' title='bbox 1050 1206 1095 1277; x_wconf 88' lang='lat' dir='ltr'>qui</span> 
     </span>
     <span class='ocr_line' id='line_1_7' title="bbox 139 1294 1094 1369; baseline 0 -18"><span class='ocrx_word' id='word_1_48' title='bbox 139 1295 279 1351; x_wconf 83' lang='lat' dir='ltr'>citissime</span> <span class='ocrx_word' id='word_1_49' title='bbox 305 1297 412 1369; x_wconf 80' lang='lat' dir='ltr'>egressi</span> <span class='ocrx_word' id='word_1_50' title='bbox 438 1301 466 1353; x_wconf 89' lang='lat' dir='ltr'>et</span> <span class='ocrx_word' id='word_1_51' title='bbox 493 1301 676 1367; x_wconf 80' lang='lat' dir='ltr'>aspectantes</span> <span class='ocrx_word' id='word_1_52' title='bbox 699 1294 829 1353; x_wconf 84' lang='lat' dir='ltr'>uiderint</span> <span class='ocrx_word' id='word_1_53' title='bbox 853 1298 982 1353; x_wconf 80' lang='lat' dir='ltr'>eandem</span> <span class='ocrx_word' id='word_1_54' title='bbox 1007 1296 1094 1353; x_wconf 83' lang='lat' dir='ltr'>lucem</span> 
     </span>
     <span class='ocr_line' id='line_1_8' title="bbox 139 1384 1093 1455; baseline -0.002 -14"><span class='ocrx_word' id='word_1_55' title='bbox 139 1385 243 1441; x_wconf 85' lang='lat' dir='ltr'>cursim</span> <span class='ocrx_word' id='word_1_56' title='bbox 251 1386 345 1441; x_wconf 86' lang='lat' dir='ltr'>caelos</span> <span class='ocrx_word' id='word_1_57' title='bbox 353 1392 463 1455; x_wconf 87' lang='lat' dir='ltr'>petere,</span> <span class='ocrx_word' id='word_1_58' title='bbox 474 1385 517 1441; x_wconf 83' lang='lat' dir='ltr'>ita</span> <span class='ocrx_word' id='word_1_59' title='bbox 530 1390 562 1439; x_wconf 91' lang='lat' dir='ltr'>ut</span> <span class='ocrx_word' id='word_1_60' title='bbox 573 1384 684 1455; x_wconf 81' lang='lat' dir='ltr'>fulgore</span> <span class='ocrx_word' id='word_1_61' title='bbox 698 1384 787 1455; x_wconf 87' lang='lat' dir='ltr'>ipsius</span> <span class='ocrx_word' id='word_1_62' title='bbox 796 1390 904 1441; x_wconf 78' lang='lat' dir='ltr'>cuneta</span> <span class='ocrx_word' id='word_1_63' title='bbox 912 1384 945 1439; x_wconf 88' lang='lat' dir='ltr'>in</span> <span class='ocrx_word' id='word_1_64' title='bbox 958 1384 1093 1441; x_wconf 76' lang='lat' dir='ltr'>circuiln¹</span> 
     </span>
     <span class='ocr_line' id='line_1_9' title="bbox 139 1472 1094 1543; baseline 0.002 -18"><span class='ocrx_word' id='word_1_65' title='bbox 139 1472 209 1533; x_wconf 85' lang='lat' dir='ltr'>loca,</span> <span class='ocrx_word' id='word_1_66' title='bbox 223 1474 304 1529; x_wconf 89' lang='lat' dir='ltr'>uelut</span> <span class='ocrx_word' id='word_1_67' title='bbox 322 1473 455 1537; x_wconf 90' lang='lat' dir='ltr'>interdiu,</span> <span class='ocrx_word' id='word_1_68' title='bbox 470 1474 637 1529; x_wconf 89' lang='lat' dir='ltr'>uiderentur</span> <span class='ocrx_word' id='word_1_69' title='bbox 651 1472 811 1535; x_wconf 72' lang='lat' dir='ltr'>inlustrata,</span> <span class='ocrx_word' id='word_1_70' title='bbox 824 1476 859 1528; x_wconf 86' lang='lat' dir='ltr'>nt</span> <span class='ocrx_word' id='word_1_71' title='bbox 870 1472 973 1543; x_wconf 78' lang='lat' dir='ltr'>palam</span> <span class='ocrx_word' id='word_1_72' title='bbox 984 1474 1094 1529; x_wconf 60' lang='lat' dir='ltr'>&amp;retur</span> 
     </span>
     <span class='ocr_line' id='line_1_10' title="bbox 138 1560 1093 1633; baseline 0.003 -20"><span class='ocrx_word' id='word_1_73' title='bbox 138 1560 266 1632; x_wconf 81' lang='lat' dir='ltr'>intelligi</span> <span class='ocrx_word' id='word_1_74' title='bbox 292 1561 437 1617; x_wconf 87' lang='lat' dir='ltr'>ministros</span> <span class='ocrx_word' id='word_1_75' title='bbox 461 1567 597 1618; x_wconf 87' lang='lat' dir='ltr'>aeternae</span> <span class='ocrx_word' id='word_1_76' title='bbox 621 1560 694 1617; x_wconf 90' lang='lat' dir='ltr'>lucis</span> <span class='ocrx_word' id='word_1_77' title='bbox 715 1566 747 1617; x_wconf 87' lang='lat' dir='ltr'>et</span> <span class='ocrx_word' id='word_1_78' title='bbox 765 1566 926 1633; x_wconf 83' lang='lat' dir='ltr'>perpetuae</span> <span class='ocrx_word' id='word_1_79' title='bbox 945 1560 1093 1617; x_wconf 85' lang='lat' dir='ltr'>suauitatis</span> 
     </span>
     <span class='ocr_line' id='line_1_11' title="bbox 137 1648 1092 1721; baseline 0 -18"><span class='ocrx_word' id='word_1_80' title='bbox 137 1650 271 1711; x_wconf 81' lang='lat' dir='ltr'>adfuisse,</span> <span class='ocrx_word' id='word_1_81' title='bbox 298 1650 347 1719; x_wconf 90' lang='lat' dir='ltr'>qui</span> <span class='ocrx_word' id='word_1_82' title='bbox 369 1651 467 1705; x_wconf 83' lang='lat' dir='ltr'>sedern</span> <span class='ocrx_word' id='word_1_83' title='bbox 492 1650 584 1705; x_wconf 67' lang='lat' dir='ltr'>sandi</span> <span class='ocrx_word' id='word_1_84' title='bbox 610 1649 735 1721; x_wconf 86' lang='lat' dir='ltr'>corporis</span> <span class='ocrx_word' id='word_1_85' title='bbox 758 1666 810 1703; x_wconf 85' lang='lat' dir='ltr'>sua</span> <span class='ocrx_word' id='word_1_86' title='bbox 834 1648 1007 1705; x_wconf 76' lang='lat' dir='ltr'>uisitatione</span> <span class='ocrx_word' id='word_1_87' title='bbox 1032 1666 1092 1705; x_wconf 87' lang='lat' dir='ltr'>cen·</span> 
     </span>
     <span class='ocr_line' id='line_1_12' title="bbox 137 1736 1092 1795; baseline 0.002 -4"><span class='ocrx_word' id='word_1_88' title='bbox 137 1737 320 1793; x_wconf 81' lang='lat' dir='ltr'>secnsuerint.</span> <span class='ocrx_word' id='word_1_89' title='bbox 359 1738 440 1793; x_wconf 85' lang='lat' dir='ltr'>Unde</span> <span class='ocrx_word' id='word_1_90' title='bbox 460 1756 520 1793; x_wconf 86' lang='lat' dir='ltr'>mos</span> <span class='ocrx_word' id='word_1_91' title='bbox 540 1737 684 1793; x_wconf 86' lang='lat' dir='ltr'>increbuit</span> <span class='ocrx_word' id='word_1_92' title='bbox 709 1737 838 1794; x_wconf 88' lang='lat' dir='ltr'>eiusdem</span> <span class='ocrx_word' id='word_1_93' title='bbox 856 1736 917 1793; x_wconf 87' lang='lat' dir='ltr'>loci</span> <span class='ocrx_word' id='word_1_94' title='bbox 936 1736 1045 1795; x_wconf 87' lang='lat' dir='ltr'>ineolis.</span> <span class='ocrx_word' id='word_1_95' title='bbox 1063 1742 1092 1793; x_wconf 87' lang='lat' dir='ltr'>ut</span> 
     </span>
     <span class='ocr_line' id='line_1_13' title="bbox 137 1820 1091 1893; baseline 0.006 -22"><span class='ocrx_word' id='word_1_96' title='bbox 137 1839 188 1890; x_wconf 83' lang='lat' dir='ltr'>per</span> <span class='ocrx_word' id='word_1_97' title='bbox 200 1821 312 1891; x_wconf 83' lang='lat' dir='ltr'>singula</span> <span class='ocrx_word' id='word_1_98' title='bbox 321 1822 439 1877; x_wconf 86' lang='lat' dir='ltr'>diurnae</span> <span class='ocrx_word' id='word_1_99' title='bbox 454 1822 501 1877; x_wconf 88' lang='lat' dir='ltr'>uel</span> <span class='ocrx_word' id='word_1_100' title='bbox 513 1826 668 1878; x_wconf 84' lang='lat' dir='ltr'>nocturnae</span> <span class='ocrx_word' id='word_1_101' title='bbox 680 1820 819 1877; x_wconf 84' lang='lat' dir='ltr'>orationis</span> <span class='ocrx_word' id='word_1_102' title='bbox 825 1826 970 1893; x_wconf 74' lang='lat' dir='ltr'>tempora.</span> <span class='ocrx_word' id='word_1_103' title='bbox 977 1822 1091 1893; x_wconf 85' lang='lat' dir='ltr'>explete</span> 
     </span>
     <span class='ocr_line' id='line_1_14' title="bbox 138 1909 1092 1979; baseline 0.002 -16"><span class='ocrx_word' id='word_1_104' title='bbox 138 1909 296 1979; x_wconf 76' lang='lat' dir='ltr'>psalmodio</span> <span class='ocrx_word' id='word_1_105' title='bbox 325 1910 402 1965; x_wconf 77' lang='lat' dir='ltr'>ritu²</span> <span class='ocrx_word' id='word_1_106' title='bbox 425 1910 570 1972; x_wconf 86' lang='lat' dir='ltr'>canonico,</span> <span class='ocrx_word' id='word_1_107' title='bbox 600 1928 699 1965; x_wconf 78' lang='lat' dir='ltr'>cinnes</span> <span class='ocrx_word' id='word_1_108' title='bbox 724 1909 781 1965; x_wconf 87' lang='lat' dir='ltr'>uiri</span> <span class='ocrx_word' id='word_1_109' title='bbox 797 1910 835 1965; x_wconf 85' lang='lat' dir='ltr'>ud</span> <span class='ocrx_word' id='word_1_110' title='bbox 859 1910 994 1967; x_wconf 78' lang='lat' dir='ltr'>tumbam</span> <span class='ocrx_word' id='word_1_111' title='bbox 1018 1910 1092 1965; x_wconf 83' lang='lat' dir='ltr'>illius</span> 
     </span>
     <span class='ocr_line' id='line_1_15' title="bbox 136 1996 1091 2071; baseline 0.005 -21"><span class='ocrx_word' id='word_1_112' title='bbox 136 1997 328 2066; x_wconf 79' lang='lat' dir='ltr'>supplicaturi</span> <span class='ocrx_word' id='word_1_113' title='bbox 340 2016 436 2069; x_wconf 85' lang='lat' dir='ltr'>genua</span> <span class='ocrx_word' id='word_1_114' title='bbox 448 1996 594 2055; x_wconf 80' lang='lat' dir='ltr'>euruent&#39;.</span> <span class='ocrx_word' id='word_1_115' title='bbox 631 1998 730 2055; x_wconf 82' lang='lat' dir='ltr'>Sedet</span> <span class='ocrx_word' id='word_1_116' title='bbox 743 1998 802 2053; x_wconf 84' lang='lat' dir='ltr'>ullu</span> <span class='ocrx_word' id='word_1_117' title='bbox 812 1998 896 2071; x_wconf 79' lang='lat' dir='ltr'>signu</span> <span class='ocrx_word' id='word_1_118' title='bbox 912 2002 944 2055; x_wconf 80' lang='lat' dir='ltr'>ct</span> <span class='ocrx_word' id='word_1_119' title='bbox 956 2000 1091 2057; x_wconf 73' lang='lat' dir='ltr'>muse·</span> 
     </span>
     <span class='ocr_line' id='line_1_16' title="bbox 136 2083 1090 2159; baseline 0.006 -22"><span class='ocrx_word' id='word_1_120' title='bbox 136 2083 244 2139; x_wconf 83' lang='lat' dir='ltr'>ibidem</span> <span class='ocrx_word' id='word_1_121' title='bbox 259 2088 348 2142; x_wconf 86' lang='lat' dir='ltr'>factas</span> <span class='ocrx_word' id='word_1_122' title='bbox 360 2088 438 2143; x_wconf 89' lang='lat' dir='ltr'>fama</span> <span class='ocrx_word' id='word_1_123' title='bbox 451 2086 589 2159; x_wconf 83' lang='lat' dir='ltr'>uulgauit,</span> <span class='ocrx_word' id='word_1_124' title='bbox 599 2087 725 2143; x_wconf 82' lang='lat' dir='ltr'>donante</span> <span class='ocrx_word' id='word_1_125' title='bbox 738 2086 789 2142; x_wconf 90' lang='lat' dir='ltr'>illo</span> <span class='ocrx_word' id='word_1_126' title='bbox 800 2086 851 2157; x_wconf 87' lang='lat' dir='ltr'>qui</span> <span class='ocrx_word' id='word_1_127' title='bbox 863 2092 980 2143; x_wconf 76' lang='lat' dir='ltr'>sancta</span> <span class='ocrx_word' id='word_1_128' title='bbox 991 2092 1090 2143; x_wconf 78' lang='lat' dir='ltr'>auocet</span> 
     </span>
     <span class='ocr_line' id='line_1_17' title="bbox 136 2170 1089 2242; baseline 0.008 -17"><span class='ocrx_word' id='word_1_129' title='bbox 136 2170 167 2225; x_wconf 93' lang='lat' dir='ltr'>in</span> <span class='ocrx_word' id='word_1_130' title='bbox 180 2174 325 2242; x_wconf 81' lang='lat' dir='ltr'>praesenti</span> <span class='ocrx_word' id='word_1_131' title='bbox 340 2179 483 2230; x_wconf 75' lang='lat' dir='ltr'>certantes</span> <span class='ocrx_word' id='word_1_132' title='bbox 496 2174 604 2237; x_wconf 89' lang='lat' dir='ltr'>iuuare,</span> <span class='ocrx_word' id='word_1_133' title='bbox 614 2178 644 2230; x_wconf 83' lang='lat' dir='ltr'>et</span> <span class='ocrx_word' id='word_1_134' title='bbox 657 2173 688 2228; x_wconf 91' lang='lat' dir='ltr'>in</span> <span class='ocrx_word' id='word_1_135' title='bbox 702 2175 798 2231; x_wconf 87' lang='lat' dir='ltr'>futuru</span> <span class='ocrx_word' id='word_1_136' title='bbox 806 2175 960 2233; x_wconf 87' lang='lat' dir='ltr'>consueuit</span> <span class='ocrx_word' id='word_1_137' title='bbox 969 2174 1089 2233; x_wconf 81' lang='lat' dir='ltr'>uictores</span> 
     </span>
     <span class='ocr_line' id='line_1_18' title="bbox 136 2261 460 2318; baseline 0.012 -4"><span class='ocrx_word' id='word_1_138' title='bbox 136 2277 271 2317; x_wconf 82' lang='lat' dir='ltr'>coronare</span> <span class='ocrx_word' id='word_1_139' title='bbox 283 2261 301 2316; x_wconf 77' lang='lat'>⁴.</span> <span class='ocrx_word' id='word_1_140' title='bbox 338 2261 460 2318; x_wconf 76' lang='lat' dir='ltr'>Assux⁵.</span> 
     </span>
    </p>
   </div>
   <div class='ocr_carea' id='block_1_3' title="bbox 132 2446 1087 2967">
    <p class='ocr_par' dir='ltr' id='par_1_3' title="bbox 132 2446 1087 2967">
     <span class='ocr_line' id='line_1_19' title="bbox 168 2446 1087 2510; baseline 0.005 -14"><span class='ocrx_word' id='word_1_141' title='bbox 168 2446 175 2472; x_wconf 94' lang='lat'>¹</span> <span class='ocrx_word' id='word_1_142' title='bbox 193 2464 261 2510; x_wconf 86' lang='lat' dir='ltr'>quau</span> <span class='ocrx_word' id='word_1_143' title='bbox 285 2452 314 2497; x_wconf 87' lang='lat' dir='ltr'>in</span> <span class='ocrx_word' id='word_1_144' title='bbox 337 2451 451 2499; x_wconf 87' lang='lat' dir='ltr'>circuitu</span> <span class='ocrx_word' id='word_1_145' title='bbox 473 2454 553 2498; x_wconf 89' lang='lat' dir='ltr'>erant</span> <span class='ocrx_word' id='word_1_146' title='bbox 574 2450 596 2499; x_wconf 75' lang='grc' dir='ltr'>δ.</span> <span class='ocrx_word' id='word_1_147' title='bbox 734 2446 813 2499; x_wconf 84' lang='lat' dir='ltr'>¹ritu</span> <span class='ocrx_word' id='word_1_148' title='bbox 835 2448 873 2500; x_wconf 88' lang='grc' dir='ltr'>Η.</span> <span class='ocrx_word' id='word_1_149' title='bbox 1020 2454 1087 2501; x_wconf 76' lang='lat' dir='ltr'>&#39;ns</span> 
     </span>
     <span class='ocr_line' id='line_1_20' title="bbox 135 2527 1085 2593; baseline 0.007 -19"><span class='ocrx_word' id='word_1_150' title='bbox 135 2544 149 2574; x_wconf 93' lang='lat' dir='ltr'>e</span> <span class='ocrx_word' id='word_1_151' title='bbox 169 2532 248 2575; x_wconf 75' lang='lat' dir='ltr'>erased</span> <span class='ocrx_word' id='word_1_152' title='bbox 269 2532 292 2574; x_wconf 81' lang='lat' dir='ltr'>in</span> <span class='ocrx_word' id='word_1_153' title='bbox 314 2528 348 2575; x_wconf 86' lang='lat' dir='ltr'>H.</span> <span class='ocrx_word' id='word_1_154' title='bbox 448 2528 456 2553; x_wconf 80' lang='lat'><strong>⁴</strong></span> <span class='ocrx_word' id='word_1_155' title='bbox 474 2528 558 2577; x_wconf 80' lang='lat' dir='ltr'>Iliesu</span> <span class='ocrx_word' id='word_1_156' title='bbox 577 2527 686 2576; x_wconf 81' lang='lat' dir='ltr'>Christo</span> <span class='ocrx_word' id='word_1_157' title='bbox 704 2528 820 2577; x_wconf 83' lang='lat' dir='ltr'>Domine</span> <span class='ocrx_word' id='word_1_158' title='bbox 838 2532 943 2593; x_wconf 70' lang='lat' dir='ltr'>nmero,</span> <span class='ocrx_word' id='word_1_159' title='bbox 962 2530 1011 2593; x_wconf 84' lang='lat' dir='ltr'>qul</span> <span class='ocrx_word' id='word_1_160' title='bbox 1027 2544 1085 2581; x_wconf 65' lang='lat' dir='ltr'>mm</span> 
     </span>
     <span class='ocr_line' id='line_1_21' title="bbox 135 2604 1086 2668; baseline 0.007 -17"><span class='ocrx_word' id='word_1_161' title='bbox 135 2604 213 2653; x_wconf 88' lang='lat' dir='ltr'>Patre</span> <span class='ocrx_word' id='word_1_162' title='bbox 226 2608 252 2653; x_wconf 90' lang='lat' dir='ltr'>et</span> <span class='ocrx_word' id='word_1_163' title='bbox 269 2607 372 2667; x_wconf 86' lang='lat' dir='ltr'>Spiritu</span> <span class='ocrx_word' id='word_1_164' title='bbox 390 2606 490 2655; x_wconf 73' lang='lat' dir='ltr'>Sancto</span> <span class='ocrx_word' id='word_1_165' title='bbox 507 2607 579 2655; x_wconf 87' lang='lat' dir='ltr'>uiuit</span> <span class='ocrx_word' id='word_1_166' title='bbox 595 2608 623 2654; x_wconf 85' lang='lat' dir='ltr'>et</span> <span class='ocrx_word' id='word_1_167' title='bbox 639 2610 735 2668; x_wconf 82' lang='lat' dir='ltr'>regnat</span> <span class='ocrx_word' id='word_1_168' title='bbox 751 2606 782 2655; x_wconf 88' lang='lat' dir='ltr'>iu</span> <span class='ocrx_word' id='word_1_169' title='bbox 798 2606 907 2657; x_wconf 73' lang='lat' dir='ltr'>sauculn</span> <span class='ocrx_word' id='word_1_170' title='bbox 924 2608 1086 2658; x_wconf 69' lang='lat' dir='ltr'>mulorum</span> 
     </span>
     <span class='ocr_line' id='line_1_22' title="bbox 134 2684 1084 2749; baseline 0.008 -19"><span class='ocrx_word' id='word_1_171' title='bbox 134 2687 195 2730; x_wconf 73' lang='lat' dir='ltr'>ualde</span> <span class='ocrx_word' id='word_1_172' title='bbox 206 2685 227 2731; x_wconf 78' lang='grc' dir='ltr'>δ.</span> <span class='ocrx_word' id='word_1_173' title='bbox 382 2685 392 2714; x_wconf 84' lang='lat'>⁵</span> <span class='ocrx_word' id='word_1_174' title='bbox 410 2684 528 2746; x_wconf 84' lang='lat' dir='ltr'>Explicit</span> <span class='ocrx_word' id='word_1_175' title='bbox 540 2686 599 2733; x_wconf 83' lang='lat' dir='ltr'>ulta</span> <span class='ocrx_word' id='word_1_176' title='bbox 610 2684 772 2733; x_wconf 83' lang='lat' dir='ltr'>Sanctorum</span> <span class='ocrx_word' id='word_1_177' title='bbox 783 2684 925 2735; x_wconf 75' lang='lat' dir='ltr'>Abbntum</span> <span class='ocrx_word' id='word_1_178' title='bbox 937 2686 1084 2749; x_wconf 75' lang='lat' dir='ltr'>Benedicti,</span> 
     </span>
     <span class='ocr_line' id='line_1_23' title="bbox 134 2761 1086 2829; baseline 0.007 -21"><span class='ocrx_word' id='word_1_179' title='bbox 134 2761 272 2823; x_wconf 84' lang='lat' dir='ltr'>Ceolfridi,</span> <span class='ocrx_word' id='word_1_180' title='bbox 284 2762 472 2824; x_wconf 80' lang='lat' dir='ltr'>Easteruuyni,</span> <span class='ocrx_word' id='word_1_181' title='bbox 487 2762 608 2825; x_wconf 78' lang='lat' dir='ltr'>sigfridi,</span> <span class='ocrx_word' id='word_1_182' title='bbox 622 2764 703 2823; x_wconf 85' lang='lat' dir='ltr'>atque</span> <span class='ocrx_word' id='word_1_183' title='bbox 716 2763 910 2825; x_wconf 72' lang='lat' dir='ltr'>Hwnatbyrliti</span> <span class='ocrx_word' id='word_1_184' title='bbox 921 2766 960 2817; x_wconf 85' lang='lat'>11.</span> <span class='ocrx_word' id='word_1_185' title='bbox 971 2782 1002 2815; x_wconf 72' lang='lat' dir='ltr'>aa</span> <span class='ocrx_word' id='word_1_186' title='bbox 1014 2766 1034 2815; x_wconf 90' lang='lat' dir='ltr'>f.</span> <span class='ocrx_word' id='word_1_187' title='bbox 1042 2764 1086 2829; x_wconf 72' lang='lat'>³⁴⁸</span> 
     </span>
     <span class='ocr_line' id='line_1_24' title="bbox 133 2841 1085 2909; baseline 0.007 -23"><span class='ocrx_word' id='word_1_188' title='bbox 133 2843 160 2887; x_wconf 77' lang='lat' dir='ltr'>tn</span> <span class='ocrx_word' id='word_1_189' title='bbox 171 2857 187 2887; x_wconf 85' lang='grc' dir='ltr'><em>α</em></span> <span class='ocrx_word' id='word_1_190' title='bbox 199 2847 236 2888; x_wconf 75' lang='lat' dir='ltr'>siut</span> <span class='ocrx_word' id='word_1_191' title='bbox 248 2846 315 2888; x_wconf 78' lang='lat' dir='ltr'>›ntcclt</span> <span class='ocrx_word' id='word_1_192' title='bbox 327 2845 384 2889; x_wconf 86' lang='lat' dir='ltr'>luter</span> <span class='ocrx_word' id='word_1_193' title='bbox 394 2846 475 2889; x_wconf 75' lang='lat' dir='ltr'>ltatcd:</span> <span class='ocrx_word' id='word_1_194' title='bbox 494 2841 690 2891; x_wconf 77' lang='lat' dir='ltr'>Benediuamus</span> <span class='ocrx_word' id='word_1_195' title='bbox 703 2842 827 2907; x_wconf 83' lang='lat' dir='ltr'>Domino,</span> <span class='ocrx_word' id='word_1_196' title='bbox 841 2842 900 2893; x_wconf 74' lang='lat' dir='ltr'>Deo</span> <span class='ocrx_word' id='word_1_197' title='bbox 910 2846 1021 2909; x_wconf 63' lang='lat' dir='ltr'>gratim.</span> <span class='ocrx_word' id='word_1_198' title='bbox 1033 2848 1085 2893; x_wconf 77' lang='lat' dir='ltr'>esa</span> 
     </span>
     <span class='ocr_line' id='line_1_25' title="bbox 132 2923 351 2967; baseline 0.014 -3"><span class='ocrx_word' id='word_1_199' title='bbox 132 2923 230 2967; x_wconf 71' lang='lat' dir='ltr'>ancestral</span> <span class='ocrx_word' id='word_1_200' title='bbox 242 2924 351 2967; x_wconf 65' lang='lat' dir='ltr'>centurion.</span> 
     </span>
    </p>
   </div>
   <div class='ocr_carea' id='block_1_4' title="bbox 0 0 1284 4718">
    <p class='ocr_par' dir='ltr' id='par_1_4' title="bbox 0 0 1284 4718">
     <span class='ocr_line' id='line_1_26' title="bbox 0 0 1284 4718; baseline 0 5"><span class='ocrx_word' id='word_1_201' title='bbox 0 0 1284 4718; x_wconf 95' lang='lat' dir='ltr'> </span> 
     </span>
    </p>
   </div>
  </div>
 </body>
</html>
