2558 4718
141 719 201 768 eu.
214 713 272 781 tta]
448 705 564 773 Gentis
585 706 789 793 Anplornnc.
1051 711 1093 775 87

140 882 314 942 beatissimi
335 884 546 960 apostolorum
573 885 722 961 principis
750 884 846 960 Petri,
873 885 934 962 qui,
963 885 1093 946 tundata

141 980 259 1041 Romae
287 982 415 1042 ecclesia
441 983 566 1058 Christi,
600 984 796 1043 Clementem
826 984 886 1042 sihi
917 984 1091 1045 adiutorem

141 1080 383 1157 euangelizandi,
407 1081 501 1140 simul
527 1087 556 1141 et
579 1102 786 1142 successorem
809 1102 1003 1142 consecrasse
1027 1104 1092 1160 per-

141 1177 274 1238 hibetur.
319 1180 506 1240 Laurentius
527 1180 747 1256 archiepiscopi
765 1180 861 1257 gradu
882 1182 1000 1257 potitus
1019 1185 1091 1241 stre·

142 1276 294 1336 nuissime
321 1278 527 1339 fundamenta
554 1278 706 1353 ecclesiae,
732 1299 810 1354 quae
838 1278 985 1338 nobiliter
1011 1279 1091 1340 iacta

54 1382 74 1411 ²
140 1375 228 1446 uidit,
236 1380 444 1452 augmentare,
457 1381 551 1452 atque
560 1377 599 1436 ad
608 1377 781 1452 profectum
801 1374 804 1451 l
824 1376 920 1436 debiti
930 1376 1086 1453 culminis,

139 1478 171 1532 ct
185 1474 291 1533 crebra
305 1495 380 1534 uoce
399 1479 523 1534 sanctae
541 1474 772 1547 exhortationis,
791 1477 822 1533 et
840 1475 999 1535 continuis
1019 1476 1088 1551 piae

138 1573 327 1648 operationis
341 1573 492 1650 exemplis
511 1573 679 1650 prouehere
693 1573 820 1632 curauit.
866 1573 1008 1650 Denique
1022 1594 1087 1634 non

137 1671 242 1730 solum
266 1691 374 1747 nouae,
400 1692 478 1749 quae
503 1672 541 1731 de
563 1671 677 1748 Anglis
701 1675 765 1730 erat
786 1671 920 1744 collecta,
942 1671 1086 1732 ecelesiae

137 1790 243 1828 curam
265 1770 400 1846 gerebat,
418 1772 471 1830 sed
491 1774 523 1829 et
543 1773 687 1829 ueterum
707 1769 879 1828 Brittaniae
900 1770 1081 1846 incolarum,
1102 1790 1260 1848 stampais

137 1888 193 1927 nec
212 1889 275 1928 non
295 1873 326 1928 ct
346 1870 532 1942 Scottonim,
550 1868 604 1946 qui
619 1867 804 1927 Hiberniam
823 1867 959 1928 insulam
974 1871 1085 1930 Britta·
1102 1852 1258 1957 fflffiiclh

138 1967 208 2025 niae
222 1968 396 2044 proximam
411 1968 561 2039 incolunt,
579 1966 704 2043 populis
717 1965 903 2041 pastoralem
918 1966 1086 2042 inpendere
1103 1969 1236 2017 ΟΜΝ,

137 2065 381 2125 sollicitudinem
404 2066 537 2125 curabat.
583 2065 744 2141 Siquidem
768 2063 824 2123 ubi
848 2064 1024 2125 Scottorum
1050 2068 1084 2127 in

137 2165 271 2239 praefata
300 2167 436 2241 ipsorum
465 2165 572 2242 patria,
598 2164 753 2240 quomodo
781 2166 813 2223 et
838 2163 1025 2224 Brettonum
1050 2165 1085 2226 in

137 2262 201 2337 ipsa
226 2264 389 2336 Brittania,
421 2264 520 2323 uitam
548 2284 582 2323 ac
610 2263 832 2340 professionem
861 2263 967 2321 minus
994 2263 1085 2322 eccle

136 2361 288 2421 siasticam
305 2363 338 2422 in
350 2362 460 2421 multis
470 2383 536 2421 esse
547 2362 699 2438 cognouit,
713 2362 847 2420 maxime
858 2361 939 2436 quod
954 2362 1084 2437 paschae

136 2460 376 2520 sollemnitatem
405 2482 468 2520 non
493 2482 549 2519 suo
574 2464 714 2536 tempore
738 2459 934 2533 celebrarent,
959 2460 1022 2533 sed,
1047 2464 1084 2520 ut

137 2577 227 2635 supra
245 2560 416 2623 docuimus.
433 2581 451 2619 a
470 2560 591 2619 XIIII*²
609 2560 686 2619 luna
702 2558 851 2634 usquead
867 2558 968 2617 xxm
986 2560 1081 2618 domi

139 2657 220 2715 nicae
240 2659 472 2717 resurrectionis
487 2660 570 2718 diem
587 2657 815 2718 obseruandum
830 2676 897 2716 esse
915 2661 1082 2734 putarent;

137 2757 255 2832 scripsit
283 2778 355 2816 cum
384 2758 572 2834 coepiscopis
599 2758 664 2816 suis
692 2756 933 2815 exhortatoriam
961 2759 998 2817 ad
1028 2778 1081 2818 eos

139 2855 308 2930 epistulam,
326 2857 487 2916 obsecrans
504 2877 556 2916 cos
577 2860 608 2915 et
629 2859 806 2915 contestans
825 2855 977 2914 unitatem
997 2857 1081 2932 pacis

138 2959 163 3010 et
190 2955 358 3014 catholicae
386 2955 611 3014 obseruationis
638 2974 708 3013 cum
737 2972 779 3025 ea,
808 2972 885 3028 quae
912 2956 978 3013 toto
1006 2955 1080 3014 orbe

138 3051 243 3111 diffusa
267 3057 322 3127 est,
348 3055 475 3113 ecclesia
502 3053 617 3114 Christi
646 3049 789 3124 tenere¹3
821 3050 908 3110 cuius
935 3051 1079 3113 uidelicet

138 3151 282 3226 epistulae
296 3153 484 3229 principium
499 3153 556 3211 hoc
571 3155 637 3212 est:

172 3252 306 3309 Dominis
333 3253 491 3311 carissimis
516 3251 665 3323 fratribus
692 3251 827 3323 episcopis
853 3249 900 3308 acl
927 3249 1079 3310 abhatibus

133 3364 181 3418 prr
200 3352 368 3407 uniuersam
392 3350 530 3408 Scotticm
551 3349 739 3418 Laurentius,
763 3348 904 3420 Mellitos,
926 3352 953 3406 ct
973 3348 1079 3408 ludas

136 3449 256 3521 episcopi,
273 3449 352 3506 senii
366 3466 516 3507 seniorum
529 3450 595 3506 Dci.

169 3547 248 3604 Dum
271 3565 325 3605 nos
344 3548 421 3606 sedes
441 3549 596 3620 apostolica
616 3563 693 3605 more
712 3563 773 3618 snio,
792 3547 866 3604 sicut
887 3548 918 3603 in
939 3547 1076 3604 aninmo
1093 3561 1226 3633 larena

134 3645 190 3701 ece
210 3650 361 3715 tarrantis,
381 3647 412 3703 in
432 3646 478 3704 liis
498 3647 622 3704 occiduis
635 3646 772 3718 partibus
790 3644 828 3701 ad
843 3644 1076 3717 praedicandam
1092 3622 1221 3675 thalmi,

133 3746 258 3812 centibus
272 3749 401 3817 popinis
421 3745 562 3818 diriperet,
587 3749 672 3817 atquc
694 3745 726 3801 in
746 3743 821 3800 lianc
844 3743 980 3813 insulam,
1002 3760 1075 3815 quac

134 3839 280 3899 Brittania
295 3848 487 3915 nuncupatur.
505 3843 623 3916 conticit
638 3843 787 3910 introisse,
809 3844 965 3912 antequam
978 3857 1076 3913 capno·

134 3956 272 4009 serenius,
290 3942 437 4009 crcitcntcs,
452 3942 528 4015 qarod
541 3943 623 3998 inrta
637 3957 743 3998 moram
756 3939 932 3996 nntricrsalis
945 3939 1075 3997 ecclcsiae

134 4037 368 4111 incrcitcrcntnfl,
387 4042 417 4097 in
436 4058 545 4113 rrrapnc
564 4040 725 4096 reuerentia
742 4038 905 4097 sanctitatis
919 4042 979 4095 tam
992 4036 1074 4095 Brct·

133 4140 203 4197 tanes
230 4157 318 4212 quiana
346 4139 455 4197 Scottos
482 4138 613 4196 iccncrati
640 4154 761 4207 scimus·
796 4135 846 4195 scd
880 4139 1074 4210 wynmccntcs

254 4337 262 4367 ¹
281 4336 348 4386 ·re't'
360 4338 395 4386 ll.
474 4336 483 4364 ²
501 4341 536 4384 tte
547 4339 618 4385 scribe
629 4340 714 4393 atfirst
724 4340 790 4383 torota
800 4333 891 4396 cared-
903 4333 938 4383 ll.
