2558 4718
144 731 407 797 corvinam]
452 720 567 786 Gentis
590 719 795 805 duplorum.
1028 722 1091 784 245

143 894 212 952 dam
239 894 416 966 desolatam,
443 914 505 952 non
528 895 634 970 procul
661 894 733 953 inde
755 895 857 968 sitam,
886 914 964 971 quae
986 894 1093 971 lingua

143 994 318 1065 Anglorum
339 994 582 1052 Grantacaeetir'
600 996 746 1066 uocatum
768 998 800 1052 et
818 1013 890 1051 mox
905 994 1093 1052 inuenerunt

144 1091 228 1150 iuxta
250 1112 356 1149 muros
377 1092 512 1150 ciuitatis
533 1091 680 1150 locellum
702 1093 741 1151 de
762 1112 915 1151 marmore
935 1092 1006 1151 albo
1028 1092 1093 1167 pul·

142 1190 293 1248 cheu-ime
328 1190 452 1259 factum,
492 1190 635 1265 operculo
677 1211 800 1266 quoque
835 1190 947 1249 similis
982 1189 1093 1265 lapidis

142 1288 302 1362 aptissime
316 1293 442 1346 tectum.
482 1288 575 1346 Unde
590 1288 808 1365 intellegentes
821 1309 839 1347 a
852 1288 987 1347 Domino
998 1309 1090 1347 suum

143 1387 200 1443 iter
226 1407 293 1444 esse
315 1391 536 1462 prosperatum,
561 1387 677 1463 gratias
698 1390 826 1463 agentes
846 1387 1035 1445 rettulerunt
1053 1387 1090 1445 ad
1154 1435 1159 1444 .

143 1485 373 1543 monasterium.

181 1588 324 1658 Cumque
346 1604 457 1659 corpus
481 1603 582 1642 sareme
608 1584 741 1660 uirginis
761 1604 796 1643 ac
819 1603 949 1660 sponsae
974 1582 1090 1643 Christi
1109 1593 1234 1645 ueruuy

142 1688 245 1755 aperto
266 1683 431 1756 sepulchro
455 1687 536 1740 esset
558 1678 713 1758 prolatum
740 1683 772 1741 in
797 1682 907 1753 lucem,
929 1682 974 1740 ita
994 1682 1091 1741 incer·
1107 1652 1241 1767 {ssffiffi

143 1785 268 1855 ruptum
288 1781 454 1839 inuentum
470 1785 524 1845 eet.
538 1801 571 1839 ac
586 1783 612 1840 si
628 1783 736 1840 eodem
748 1781 798 1841 die
812 1781 922 1839 luisset-
933 1781 1086 1851 defunctu,

142 1879 206 1936 siue
222 1881 319 1937 burno
333 1880 476 1951 conditn;
498 1880 577 1938 sicut
597 1884 629 1938 et
646 1881 801 1957 praefatus
817 1879 948 1938 antistes
962 1878 1087 1949 Uilln'd,

141 1982 167 2036 ct
184 1978 276 2035 multi
292 1978 352 2039 ulii.
372 1979 424 2053 qui
440 1999 563 2049 nouere,
581 1984 758 2049 testantur;
781 1978 833 2037 sed
846 1978 968 2036 certiori
980 1977 1092 2037 notitia

143 2077 278 2134 medicus
299 2076 448 2151 Cynisrid
471 2077 525 2152 qui
547 2081 578 2135 et
599 2077 745 2135 morienti
767 2077 822 2148 illi,
840 2081 872 2135 et
893 2077 1030 2135 eleuatae
1052 2076 1090 2134 de

142 2173 282 2232 tumulo²
309 2175 430 2246 adfuit;
463 2176 516 2250 qui
545 2176 657 2235 referre
685 2179 749 2234 erat
777 2175 896 2245 solitus,
924 2175 1007 2251 quod
1036 2174 1090 2233 illa

142 2272 298 2330 inlinnata
325 2273 466 2331 habuerit
490 2278 643 2332 tumorem
666 2273 839 2332 maximum
861 2274 920 2331 sub
941 2273 1090 2344 maxilla;

144 2372 386 2447 'lussenmtque
408 2374 479 2437 me.'
495 2373 606 2447 iuquit,
635 2373 785 2431 ‘incidere
807 2376 963 2430 tumorem
986 2371 1086 2437 illum.

141 2482 170 2527 ut
205 2469 343 2528 efflueret
378 2470 489 2529 noxius
526 2489 622 2544 umor,
657 2470 712 2546 qui
744 2470 865 2542 inerat;
895 2471 977 2546 quod
1013 2469 1088 2528 dum

140 2574 277 2637 tacerem,
307 2568 471 2626 uidebatur
495 2569 548 2626 illa
573 2589 626 2643 per
648 2569 777 2627 biduum
803 2569 962 2644 aliquanto
988 2569 1090 2627 leuius

140 2668 270 2728 balei-c:
307 2668 349 2725 ita
379 2671 413 2725 ut
441 2667 534 2726 multi
564 2672 718 2743 putarent,
751 2667 824 2743 quia
854 2668 957 2726 eanari
984 2673 1089 2743 posset

137 2788 154 2822 a
193 2766 327 2834 langore.
379 2766 483 2824 Tertia
514 2769 618 2825 autem
657 2767 707 2824 die
738 2765 894 2841 prioribus
922 2765 1090 2842 adgrauata

137 2865 303 2927 doloribus,
337 2868 366 2922 ct
401 2872 487 2939 raptu
523 2864 687 2923 confestim
720 2865 758 2923 de
789 2864 915 2933 mundo,
949 2864 1087 2922 dolorem

137 2983 263 3021 omnem
284 2984 318 3021 ac
341 2967 476 3021 mortem
500 2972 647 3039 perpetua
671 2963 772 3022 salute
795 2982 829 3020 ac
855 2961 920 3021 uita
941 2962 1084 3021 mutauit.

136 3066 279 3136 Cumque
293 3066 362 3136 post
379 3065 423 3119 tot
443 3081 541 3119 annos
558 3062 708 3120 elenando
725 3065 831 3119 essent
849 3081 918 3120 osea
934 3060 973 3119 de
989 3061 1087 3135 sepul·

136 3161 218 3219 cliro.
237 3165 267 3217 et
283 3161 428 3217 extent0³
443 3161 576 3235 desuper
587 3161 750 3237 papilione.
765 3160 868 3218 omnis
882 3159 1085 3236 congregatio,

136 3255 209 3311 nim·
239 3255 379 3317 fratrum,
409 3255 481 3313 inde
509 3275 658 3328 sororum,
689 3254 827 3330 psallens
855 3254 1088 3325 circumstaret;

136 3356 203 3428 ipsa
217 3364 321 3410 autem
337 3353 490 3410 abbatissa
509 3353 594 3411 intus
608 3373 678 3411 cum
697 3353 801 3428 paucis
816 3373 884 3411 osea
902 3352 1040 3412 elatura⁴
1056 3358 1088 3411 et

134 3452 274 3508 ‹lilutura
292 3451 444 3519 intrasset,
464 3456 589 3525 repente
606 3451 784 3509 audiuimus
798 3450 984 3510 abbatissam
1001 3450 1088 3509 iutue

136 3571 212 3606 urae
235 3550 313 3606 claua
337 3549 547 3623 proclamare:
574 3560 589 3577 ¹·
602 3550 650 3607 Sit
671 3549 769 3624 gloria
790 3549 911 3608 nomini
929 3549 1088 3609 Domini.”

138 3649 200 3705 Nec
225 3647 325 3705 multo
348 3654 415 3722 post
438 3647 650 3706 cluruuucmnt
671 3667 722 3705 me
744 3647 838 3721 intus,
855 3652 988 3706 reserato
1009 3647 1088 3706 ostio

135 3746 325 3822 papilionis:
349 3746 475 3820 uictique
497 3746 654 3804 eleuatum
676 3747 715 3804 de
737 3746 868 3807 tumulo.
894 3750 926 3804 et
950 3745 1086 3822 pesitum

136 3846 167 3902 iu
186 3845 300 3901 lna-tulo
315 3865 424 3919 corpus
444 3865 544 3902 salerne
563 3845 627 3903 Deo
647 3845 780 3921 uirginis
796 3845 883 3921 quasi
902 3845 1087 3905 dormientis

134 3944 248 4000 simile.
292 3944 351 4001 Sul
376 3950 405 4001 ct
435 3944 627 4017 discooperto
652 3944 760 4002 uultus
781 3944 974 4013 indumento,
1002 3963 1087 4002 mon·

133 4045 316 4100 straturuut
335 4041 411 4099 mibi
427 4041 520 4099 ctiam
537 4041 654 4100 uulnus
669 4041 826 4114 incisurae,
844 4043 926 4118 quod
943 4042 1083 4115 feceram,

133 4146 301 4207 curatum3
337 4139 380 4197 ita
409 4146 442 4197 ut
471 4140 588 4198 mirum
617 4140 650 4198 in
680 4139 809 4198 modum
837 4160 892 4215 pro
920 4146 1027 4215 aperto
1055 4145 1087 4198 et

133 4239 244 4298 binnte
261 4238 399 4308 uulnere,
417 4258 565 4313 cumque
584 4238 703 4313 sepulta
722 4244 795 4311 erat,
813 4238 996 4297 tenuissima
1012 4245 1087 4297 tuuc

133 4368 309 4415 ¹-‹·eatch¹.
360 4365 536 4415 'turnololb
587 4370 702 4416 'teneo
714 4366 807 4418 c¹.ss².
867 4366 1088 4418 *clausturam
